% Michael Sevilla
% Working Bibliography

%%%%%%%%%%%%%%%%%%%%%%%%%%%%%%%%%%%%%%%%%%%%%%%%%%
% TOOLS
%%%%%%%%%%%%%%%%%%%%%%%%%%%%%%%%%%%%%%%%%%%%%%%%%%

@misc{openmp08,
  author = {{OpenMP Architecture Review Board}},
  title = {{OpenMP} {A}pplication {P}rogram {I}nterface {V}ersion 3.0},
  year = {accessed 08/09/2012, http://www.openmp.org/mp-documents/spec30.pdf},
}

@manual{XDD,
  title = {Xdd User's Guid},
  organization = {I/O Performance, Inc.}, 
  author = {Thomas M. Ruwart},
  edition = {6.5.091706},
  month = {December},
  year = {2005}
}

%%%%%%%%%%%%%%%%%%%%%%%%%%%%%%%%%%%%%%%%%%%%%%%%%%
% STORAGE
% RAID
%%%%%%%%%%%%%%%%%%%%%%%%%%%%%%%%%%%%%%%%%%%%%%%%%%

@inproceedings{wacha:techreport2010-RAID4s,
  author = "Wacha, R.",
  title = "RAID4s: Supercharging RAID Small Writes with SSD",
  booktitle = "Technical Report",
  year = "2010",
  month = "October"
}

@inproceedings{stodolsky:comparch1993-paritylogging,
  author = {Daniel Stodolsky and Garth Gibson and Mark Holl},
  title = {Parity Logging: Overcoming the Small Write Problem in Redundant Disk Arrays},
  booktitle = {In Proceedings of the 20th Annual International Symposium on Computer Architecture},
  year = {1993},
  pages = {64--75}
}

@inproceedings{mao:ipsps2010-HPDA,
  author = "Bo Mao and Hong Jiang and Dan Feng and Suzhen Wu and Jianxi Chen and Lingfang Zeng and Lei Tian",
  title = "HPDA: A hybrid parity-based disk array for enhanced performance and reliability.",
  booktitle = "IPDPS'10",
  pages = {1-12},
  year = {2010}  
}

@inproceedings{im:msst2010-delayedparity,
  author = {Im, Soojun and Shin, Dongkun},
  title = {Delayed partial parity scheme for reliable and high-performance flash memory SSD},
  booktitle = {Proceedings of the 2010 IEEE 26th Symposium on Mass Storage Systems and Technologies (MSST)},
  series = {MSST '10},
  year = {2010},
} 

@article{park:cit2009-ssdRAID, 
  author={Park, Kwanghee and Lee, Dong-Hwan and Woo, Youngjoo and Lee, Geunhyung and Lee, Ju-Hong and Kim, Deok-Hwan}, 
  title={Reliability and performance enhancement technique for SSD array storage system using RAID mechanism}, 
  journal={2009 9th International Symposium on Communications and Information Technology}, 
  publisher={Ieee}, 
  year={2009}, 
  pages={140--145}
}

@techreport{stodolsky:techreport1994-redundant,
  author = "Stodolky, D. and Holland, M. and Courtright, W. and Gibson, G.",
  title = "A Redundant Disk Array Architecture for Efficient Small Writes", 
  institution = "Transactions on Computer Systems",
  year = "1994",
  month = "September"
}

@article{chen:acm1994-RAID,
  author = {Peter M. Chen and Edward K. Lee and Garth A. Gibson and Randy H. Katz and David A. Patterson},
  title = {RAID: High-Performance, Reliable Secondary Storage},
  journal = {ACM COMPUTING SURVEYS},
  year = {1994},
  volume = {26},
  pages = {145--185}
}

%%%%%%%%%%%%%%%%%%%%%%%%%%%%%%%%%%%%%%%%%%%%%%%%%%
% STORAGE
% Predictable Performance
%%%%%%%%%%%%%%%%%%%%%%%%%%%%%%%%%%%%%%%%%%%%%%%%%%

@inproceedings{skourtis:inflow2013-rw-sep,
  author={Skourtis, Dimitris and Achlioptas, Dimitris and Brandt, Scott and Maltzahn, Carlos},
  title={{H}igh {P}erformance {\&} {L}ow {L}atency in {S}olid-{S}tate {D}rives {T}hrough {R}edundancy},
  booktitle={Interactions of NVM/Flash with Operating-Systems and Workloads},
  series={INFLOW'13},
  year={2013},
  month={November}
}

@inproceedings{povzer:eurosys2008-fahrrad,
  author = {Povzner, Anna and Kaldewey, Tim and Brandt, Scott and Golding, Richard and Wong, Theodore M. and Maltzahn, Carlos},
  title = {{E}fficient {G}uaranteed {D}isk {R}equest {S}cheduling with {F}ahrrad},
  booktitle = {Proceedings of the 3rd ACM SIGOPS/EuroSys European Conference on Computer Systems},
  series = {Eurosys'08},
  year = {2008},
}

%%%%%%%%%%%%%%%%%%%%%%%%%%%%%%%%%%%%%%%%%%%%%%%%%%
% STORAGE
% Machine Learning
%%%%%%%%%%%%%%%%%%%%%%%%%%%%%%%%%%%%%%%%%%%%%%%%%%

@inproceedings{crume:pdsw2013-hdd-predictions,
  author={Crume, Adam and Maltzahn, Carlos and Ward, Lee and Kroeger, Thomas and Curry, Matthew and Oldfield, Ron and Widener, Patrick},
  title={{F}ourier-{A}ssisted {M}achine {L}earning of {H}ard {D}isk {D}rive {A}ccess {T}ime {M}odels},
  booktitle = {Proceedings of the 8nd International Workshop on Parallel Data Storage},
  series = {PDSW '13},
  year={2013},
  month={November}
}

%%%%%%%%%%%%%%%%%%%%%%%%%%%%%%%%%%%%%%%%%%%%%%%%%%
% STORAGE
% Programmability
%%%%%%%%%%%%%%%%%%%%%%%%%%%%%%%%%%%%%%%%%%%%%%%%%%

@inproceedings{watkins:scc2012-datamods,
  author = {Watkins, Noah and Maltzahn, Carlos and Brandt, Scott and Manzanares, Adam},
  title = {{D}ataMods: {P}rogrammable {F}ile {S}ystem {S}ervices},
  booktitle = {Proceedings of the SC Companion: High Performance Computing, Networking Storage and Analysis},
  series = {SCC '12},
  year = {2012},
  pages = {42--47},
} 

@inproceedings{spahn:osdi2014-pebbles,
  author = {Riley Spahn and Jonathan Bell and Michael Lee and Sravan Bhamidipati and Roxana Geambasu and Gail Kaiser},
  title = {{P}ebbles: {F}ine-{G}rained {D}ata {M}anagement {A}bstractions for {M}odern {O}perating {S}ystems},
  booktitle = {11th {USENIX} {S}ymposium on {O}perating {S}ystems {D}esign and {I}mplementation ({OSDI} '14)},
  year = {2014},
  month = {October},
  address = {Broomfield, CO},
}

@inproceedings{seshadri:osdi2014-willow,
  author = {Sudharsan Seshadri and Mark Gahagan and Sundaram Bhaskaran and Trevor Bunker and Arup De and Yanqin Jin and Yang Liu and Steven Swanson},
  title = {{W}illow: {A} {U}ser-{P}rogrammable {SSD}},
  booktitle = {11th {USENIX} {S}ymposium on {O}perating {S}ystems {D}esign and {I}mplementation ({OSDI} '14)},
  year = {2014},
  month = {October},
  address = {Broomfield, CO},
}

%%%%%%%%%%%%%%%%%%%%%%%%%%%%%%%%%%%%%%%%%%%%%%%%%%
% STORAGE
% Local File Systems and Their Applications
%%%%%%%%%%%%%%%%%%%%%%%%%%%%%%%%%%%%%%%%%%%%%%%%%%

@article{mckusick:acm1984-FFS,
  author = {McKusick, Marshall K. and Joy, William N. and Leffler, Samuel J. and Fabry, Robert S.},
  title = {A fast file system for UNIX},
  journal = {ACM Transactions Computer Systems},
  volume = {2},
  number = {3},
  year = {1984},
  pages = {181--197},
}

@misc{mckusick:fast2015-FFS,
  author = {McKusick, Marshall K.},
  title = {{K}eynote {A}ddress: {A} {B}rief {H}istory of the {BSD} {F}ast {F}ilesystem}, 
  booktitle = {Proceedings of the 15th USENIX Conference on File and Storage Technologies},
  series = {FAST '15},
  year = {2015},
  month = {February}
}

@inproceedings{rosenblum:acm1992-LFS,
  author={Rosenblum, M. and Ousterhout, J.K},
  title={{T}he {D}esign and {I}mplementation of a {L}og-{S}tructured {F}ile {S}ystem},
  booktitle={ACM Transactions on Computer Systems},
  year={1992},
}

@inproceedings{rumble:fast2014-lfs-for-dram,
  author = {Stephen M. Rumble and Ankita Kejriwal and John Ousterhout},
  title = {{L}og-structured {M}emory for {DRAM}-based {S}torage},
  booktitle = {Proceedings of the 12th USENIX Conference on File and Storage Technologies},
  series = {FAST'14},
  year = {2014},
}

@inproceedings{aghayev:inflow2013-lfs-for-android,
  author = {Aghayev, Abutalib and Desnoyers, Peter},
  title = {{L}og-{S}tructured {C}ache: {T}rading {H}it-{R}ate for {S}torage {P}erformance (and winning) in {M}obile {D}evices},
  booktitle = {Proceedings of the 1st Workshop on Interactions of NVM/FLASH with Operating Systems and Workloads},
  series = {INFLOW'13},
  year = {2013},
}  

@inproceedings{kang:fast2014-multilanes,
  author = {Junbin Kang and Benlong Zhang and Tianyu Wo and Chunming Hu and Jinpeng Huai},
  title = {{M}ulti{L}anes: {P}roviding {V}irtualized {S}torage for {OS}-level {V}irtualization on {M}any {C}ores},
  booktitle = {Proceedings of the 12th USENIX Conference on File and Storage Technologies},
  series = {FAST'14},
  year = {2014}
}

@inproceedings{he:fast2015-chopper,
  author = {Jun He and Duy Nguyen and Andrea Arpaci-Dusseau and Remzi Arpaci-Dusseau},
  title = {{R}educing {F}ile {S}ystem {T}ail {L}atencies with {C}hopper},
  booktitle = {13th USENIX Conference on File and Storage Technologies},
  series = {FAST'15},
  year = {2015}
}

%%%%%%%%%%%%%%%%%%%%%%%%%%%%%%%%%%%%%%%%%%%%%%%%%%
% STORAGE
% Distributed File Systems
%%%%%%%%%%%%%%%%%%%%%%%%%%%%%%%%%%%%%%%%%%%%%%%%%%

@inproceedings{hildebrand:supercomputing2006-pNFS,
  author = "Hildebrand, D. and Ward, L. and Honeymoon, P.",
  title =  "Large Files, Small Writes, and pNFS",
  booktitle = "Proceedings of the 20th annual International Conference on Supercomputing (ICS06)", 
  year = "2006"
}

@inproceedings{hitz:wtec1994-WAFL,
  author = {Hitz, Dave and Lau, James and Malcolm, Michael},
  title = {File system design for an NFS file server appliance},
  booktitle = {Proceedings of the USENIX Technical Conference},
  series = {WTEC'94},
}

@inproceedings{lanyue:fast2013-FS-evolution,
  author = {Lu, Lanyue and Arpaci-Dusseau, Andrea C. and Arpaci-Dusseau, Remzi H. and Lu, Shan},
  title = {{A} {S}tudy of {L}inux {F}ile {S}ystem {E}volution},
  booktitle = {Proceedings of the 11th USENIX Conference on File and Storage Technologies (FAST)},
  series = {FAST'13},
  year = {2013},
}I
 

%%%%%%%%%%%%%%%%%%%%%%%%%%%%%%%%%%%%%%%%%%%%%%%%%%
% STORAGE
% Provenance
%%%%%%%%%%%%%%%%%%%%%%%%%%%%%%%%%%%%%%%%%%%%%%%%%%

@inproceedings{jones2011tracking,
  author       = {Stephanie Jones and Christina Strong and Darrell D. E. Long and Ethan L. Miller},
  title        = {Tracking Emigrant Data via Transient Provenance},
  howpublished = {Proceedings of the 3rd USENIX Workshop on the Theory and Practice of Provenance (TaPP '11)},
  month        = jun,
  year         = {2011},
}

@techreport{strong2011interviews,
  author       = {Christina Strong and Stephanie Jones and Aleatha Parker-Wood and Alexandra Holloway and Darrell D. E. Long},
  title        = {Los Alamos National Laboratory Interviews},
  institution  = {University of California, Santa Cruz},
  number       = {UCSC-SSRC-11-06},
  month        = sep,
  year         = {2011},
}

@inproceedings{jones2011hpc-provenance,
  author       = {Stephanie Jones and Christina Strong and Aleatha Parker-Wood and Alexandra
Holloway and Darrell D. E. Long},
  title        = {Easing the Burdens of HPC File Management},
  howpublished = {Proceedings of the 6th Parallel Data Storage Workshop (PDSW '11)},
  month        = nov,
  year         = {2011},
}

@inproceedings{muniswamy2010cloud,
  author    = {Kiran-Kumar Muniswamy-Reddy and
               Peter Macko and
               Margo I. Seltzer},
  title     = {Provenance for the Cloud},
  booktitle = {FAST},
  year      = {2010},
  pages     = {197-210},
  ee        = {http://www.usenix.org/events/fast10/tech/full_papers/muniswamy-reddy.pdf},
}

@inproceedings{muniswamy2009layering,
  author = {Muniswamy-Reddy, Kiran-Kumar and Braun, Uri and Holland, David A. and Macko, Peter and Maclean, Diana and Margo, Daniel and Seltzer, Margo and Smogor, Robin},
  title = {Layering in provenance systems},
  booktitle = {Proceedings of the 2009 conference on USENIX Annual technical conference},
  series = {USENIX'09},
  year = {2009},
} 

@article {muniswamy2008layering,
  title = {Layering in Provenance-Aware Storage Systems},
  number = {TR-04-08},
  year = {2008},
  keywords = {network-attached storage, PASS, provenance},
  url = {http://www.eecs.harvard.edu/syrah/pass/pubs/pass-TR-04-08.pdf},
  author = {Kiran-Kumar Muniswamy-Reddy and Joseph Barillari and Uri Braun and David A. Holland and Diana Maclean and Margo Seltzer and Stephen D. Holland}
}

@article {muniswamy2008provenance,
  title = {Layering in Provenance-Aware Storage Systems},  
  number = {TR-04-08},
  year = {2008},
  keywords = {network-attached storage, PASS, provenance},
  url = {http://www.eecs.harvard.edu/syrah/pass/pubs/pass-TR-04-08.pdf},
  author = {Kiran-Kumar Muniswamy-Reddy and Joseph Barillari and Uri Braun and David A. Holland and Diana Maclean and Margo Seltzer and Stephen D. Holland}
}

@inproceedings{muniswamy2006provenance,
  author    = {Kiran-Kumar Muniswamy-Reddy and
               David A. Holland and
               Uri Braun and
               Margo I. Seltzer},
  title     = {Provenance-Aware Storage Systems},
  booktitle = {USENIX Annual Technical Conference, General Track},
  year      = {2006},
  pages     = {43-56},
  ee        = {http://www.usenix.org/events/usenix06/tech/muniswamy-reddy.html},
  crossref  = {DBLP:conf/usenix/2006g},
  bibsource = {DBLP, http://dblp.uni-trier.de}
}
@proceedings{DBLP:conf/usenix/2006g,
  title     = {Proceedings of the 2006 USENIX Annual Technical Conference,
               May 30 - June 3, 2006, Boston, MA, USA},
  booktitle = {USENIX Annual Technical Conference, General Track},
  publisher = {USENIX},
  year      = {2006},
  bibsource = {DBLP, http://dblp.uni-trier.de}
}
@article{muniswamy2009causality,
  author = {Muniswamy-Reddy, Kiran-Kumar and Holland, David A.},
  title = {Causality-based versioning},
  journal = {Trans. Storage},
  issue_date = {December 2009},
} 

@inproceedings{xie2011compressing,
  author       = {Yulai Xie and Kiran-Kumar Muniswamy-Reddy and Darrell D. E. Long and Ahmed Amer and Dan Feng and Zhipeng Tan},
  title        = {Compressing Provenance Graphs},
  howpublished = {3rd USENIX Workshop on the Theory and Practice of Provenance},
  month        = jun,
  journal	= {NAAAAAAA},
  year         = {2011},
}


@inproceedings{sevilla2012pqlite,
  author = "Sevilla, Michael and Leece, Michael",
  title = "PQLite: An  Overly Simplistic Provenance Query Language",
  booktitle = "To be presented",
  year = "2012",
  month = "March"
}
  
@article{holland2008passing,
  title = {PASSing the provenance challenge.},
 author = {David A. Holland and Margo I. Seltzer and Uri Braun and Kiran-Kumar Muniswamy-Reddy},
 journal = {Concurrency and Computation: Practice and Experience},
}

%%%%%%%%%%%%%%%%%%%%%%%%%%%%%%%%%%%%%%%%%%%%%%%%%%
% STORAGE
% Multi-objective Optimization
%%%%%%%%%%%%%%%%%%%%%%%%%%%%%%%%%%%%%%%%%%%%%%%%%%

@techreport{strong:2014techreport-jack,
  author       = {Christina Strong and Ahmed Amer and Darrell D. E. Long},
  title        = {{B}uilding {JACK}: {D}eveloping {M}etrics for {U}se in {M}ulti-{O}bjective {O}ptimal {D}ata {A}llocation {S}trategies},
  institution  = {University of California, Santa Cruz},
  number       = {UCSC-SSRC-14-01},
  month        = jan,
  year         = {2014},
}

%%%%%%%%%%%%%%%%%%%%%%%%%%%%%%%%%%%%%%%%%%%%%%%%%%
% STORAGE
% Security
%%%%%%%%%%%%%%%%%%%%%%%%%%%%%%%%%%%%%%%%%%%%%%%%%%

@inproceedings{hasan09picasso,
  author    = {Ragib Hasan and Radu Sion and Marianne Winslett},
  title     = {The Case of the Fake Picasso: Preventing History Forgery with Secure Provenance},
  booktitle = {Proceedings of the 7th USENIX Conference on File and Storage
               Technologies (FAST)},
  year      = {2009},
  location  = {San Francisco, CA}
}

%%%%%%%%%%%%%%%%%%%%%%%%%%%%%%%%%%%%%%%%%%%%%%%%%%
% Distributed Data Mining
% TIM 245: Applicability of MAHOUT for Large Data Sets
%%%%%%%%%%%%%%%%%%%%%%%%%%%%%%%%%%%%%%%%%%%%%%%%%%
@misc{website:mahout,
	url = "http://mahout.apache.org/"
}



@misc{website:ceph-hsm,
	author={Weil, Sage},
	title={{C}eph {M}ailing {L}ist: {HSM}},
	year={2013},
	month={November},
	howpublished={\url{http://thread.gmane.org/gmane.comp.file-systems.ceph.devel/17646}},
}

@misc{website:lustre-hsm,
	author={Nicole Hemsorth},
	title={{L}ustre {G}ets {B}usiness {C}lass {U}pgrade with {HSM}},
	year={2013},
	month={November},
	howpublished={\url{http://archive.hpcwire.com/hpcwire/2013-11-06/lustre_scores_business_class_upgrade_with_hsm.html}}, 
	series={whitepaper '13},
}

@misc{website:lustre,
	author={Lustre},
	title={{L}ustre {W}iki},
	howpublished={\url{http://wiki.lustre.org/index.php/Main_Page}}, 
	series={whitepaper '13},
}

%%%%%%%%%%%%%%%%%%%%%%%%%%%%%%%%%%%%%%%%%%%%%%%%%%
% Research
% Tracing
%%%%%%%%%%%%%%%%%%%%%%%%%%%%%%%%%%%%%%%%%%%%%%%%%%
@inproceedings{sharma:lasci2005-ltt,
	author = {Sushant Sharma Patrick G. Bridges and Arthur B. Maccabe},
	title =  {A Framework for Analyzing Linux System Overheads on HPC Applications},
	booktitle = {Proceedings of the 2005 Los Alamos Computer Science Institute (LACSI `05)},
	year = {2005},
	pages = {17},
	location = {Santa Fe, NM}
}

@inproceedings{abeni:rtas2002-linuxperf,
	author = {Luca Abeni and Ashvin Goel and Charles Krasic and Jim Snow and Jonathan Walpole},
	title = {A measurement-based analysis of the real-time performance of the linux kernel},
	booktitle = {In Proceedings of the Real-Time Technology and Applications Symposium (RTAS02)},
	year = {2002},
	pages = {133}
}

@inproceedings{pesterev:acm2010-cacheperf,
	author = {Pesterev, Aleksey and Zeldovich, Nickolai and Morris, Robert T.},
	title = {Locating cache performance bottlenecks using data profiling},
	booktitle = {Proceedings of the 5th European conference on Computer systems},
	series = {EuroSys '10},
	year = {2010},
	isbn = {978-1-60558-577-2},
	location = {Paris, France},
	pages = {335--348},
	numpages = {14},
	url = {http://doi.acm.org/10.1145/1755913.1755947},
	doi = {10.1145/1755913.1755947},
	acmid = {1755947},
	publisher = {ACM},
	address = {New York, NY, USA},
	keywords = {cache misses, data profiling, debug registers, statistical profiling},
} 

@inproceedings{boyd:osdi2010-scalability,
	title = {An Analysis of Linux Scalability to Many Cores},
	author = {Silas Boyd-Wickizer and Austin T. Clements and Yandong Mao and Aleksey Pesterev and M. Frans Kaashoek and Robert Morris and Nickolai Zeldovich},	
	booktitle = {Proceedings of the 9th {USENIX} {S}ymposium on {O}perating {S}ystems {D}esign and {I}mplementation ({OSDI} '10)},
	year = {2010},
	month = {October},
	address = {Vancouver, Canada},
}

@inproceedings{shende:elw1999-profiling,
	title = {Profiling and Tracing in Linux},
	author = {Sameer Shende},	
	booktitle = {Proceedings of the Extreme Linux Workshop 2, USENIX},
	year = {1999},
	month = {June},
	location = {Monterey CA}
}

@misc{desnoyers:LWNnet2012-lttng1,
      author = {Mathieu Desnoyers and Julien Desfossez and David Goulet},
      title = {LTTng 2.0: Tracing for power users and developers - part 1},
      month = {April},
      year = {2012},
      url = {http://lwn.net/Articles/491510/}
}

@misc{corbet:LWNnet2012-NUMA,
      author = {Jonathan Corbet},
      title = {A potential NUMA scheduling solution},
      month = {October},
      year = {2012},
      url = {http://lwn.net/Articles/491510/}
}

@inproceedings{chapman:atc2009-vnuma,
	author = {Chapman, Matthew and Heiser, Gernot},
	title = {v{NUMA}: {A} {V}irtual {S}hared-memory {M}ultiprocessor},
	booktitle = {Proceedings of the 2009 Conference on USENIX Annual Technical Conference},
	series = {USENIX'09},
	year = {2009},
}
	location = {San Diego, California},
	pages = {2--2},
	numpages = {1},
	url = {http://dl.acm.org/citation.cfm?id=1855807.1855809},
	acmid = {1855809},
	publisher = {USENIX Association},
	address = {Berkeley, CA, USA},
} 

@inproceedings{georgiadis:atn1996-network-qos,
	author = {Georgiadis, Leonidas and Gu{\'e}rin, Roch and Peris, Vinod and Sivarajan, Kumar N.},
	title = {{E}fficient {N}etwork {Q}o{S} {P}rovisioning {B}ased on {P}er {N}ode {T}raffic {S]haping}},
	journal = {IEEE/ACM Trans. Netw.},
	series = {Trans. Networking '96}, 
	issue_date = {Aug. 1996},
	volume = {4},
	number = {4},
	month = aug,
	year = {1996},
}
issn = {1063-6692},
 pages = {482--501},
 numpages = {20},
 url = {http://dx.doi.org/10.1109/90.532860},
 doi = {10.1109/90.532860},
 acmid = {234767},
 publisher = {IEEE Press},
 address = {Piscataway, NJ, USA},
 keywords = {ATM, QoS provisioning, end-to-end delay guarantees, real-time traffic, scheduling, traffic shaping},
} 

@inproceedings{raj:hpdc2007-io-virtualization,
	author = {Raj, Himanshu and Schwan, Karsten},
	title = {{H}igh {P}erformance and {S}calable {I}/{O} {V}irtualization via {S}elf-virtualized {D}evices},
	booktitle = {Proceedings of the 16th International Symposium on High Performance Distributed Computing},
	series = {HPDC'07},
	year = {2007},
}
 isbn = {978-1-59593-673-8},
 location = {Monterey, California, USA},
 pages = {179--188},
 numpages = {10},
 url = {http://doi.acm.org/10.1145/1272366.1272390},
 doi = {10.1145/1272366.1272390},
 acmid = {1272390},
 publisher = {ACM},
 address = {New York, NY, USA},
 keywords = {virtual devices, virtualization},
}

@inproceedings{novakovic:asplos2014-soNUMA,
      title={{S}cale-{O}ut {NUMA}},
      author={Novakovic, Stanko and Grot, Boris and Daglis, Alexandros and Bugnion, Edouard and Falsafi, Babak},
      booktitle={Proceedings of the 19th International Conference on Architectural Support for Programming Languages and Operating Systems},
      series={ASPLOS'14},
      year={2014}
}

      number={EPFL-CONF-195238},

@misc{desnoyers:LWNnet2012-lttng2,
      author = {Mathieu Desnoyers and Julien Desfossez and David Goulet},
      title = {LTTng 2.0: Tracing for power users and developers - part 2},
      month = {April},
      year = {2012},
      url = {http://lwn.net/Articles/492296/}
}

@conference{desnoyers:linuxsymp2008-hypervisor,
	title = {{LTTng}: Tracing across execution layers, from the Hypervisor to user-space},
	author = {Mathieu Desnoyers and Michel R. Dagenais},
	booktitle = {Linux Symposium 2008},
	year = 2008,
	month = jul,
	pages = {101}
}

@inproceedings{attariyan:osdi2012-xray,
	author = {Attariyan, Mona and Chow, Michael and Flinn, Jason},
	title = {X-ray: automating root-cause diagnosis of performance anomalies in production software},
	booktitle = {Proceedings of the 10th USENIX conference on Operating Systems Design and Implementation},
	series = {OSDI'12},
	year = {2012},
	isbn = {978-1-931971-96-6},
	location = {Hollywood, CA, USA},
	pages = {307--320},
	numpages = {14},
	url = {http://dl.acm.org/citation.cfm?id=2387880.2387910},
	acmid = {2387910},
	publisher = {USENIX Association},
	address = {Berkeley, CA, USA},
} 

%%%%%%%%%%%%%%%%%%%%%%%%%%%%%%%%%%%%%%%%%%%%%%%%%%
% Resource Scheduling
%%%%%%%%%%%%%%%%%%%%%%%%%%%%%%%%%%%%%%%%%%%%%%%%%%

@inproceedings{scheupback:manycore2008-barrelfish,
	author = {Adrian Scheupbach and Simon Peter and Andrew Baumann and Timothy Roscoe and Paul Barham and Tim Harris and Rebecca Isaacs},
   	title = {{E}mbracing {D}iversity in the {B}arrelfish {M}anycore {O}perating {S}ystem},
    booktitle = {In Proceedings of the Workshop on Managed Many-Core Systems},
    year = {2008}
}

@article{wentzlaff:acm2009-fos, 
	title={Factored operating systems (fos): the case for a scalable operating system for multicores}, 
	volume={43}, url={http://portal.acm.org/citation.cfm?id=1531793.1531805}, 
	number={2}, 
	journal={ACM SIGOPS Operating Systems Review}, 
	publisher={ACM}, 
	author={Wentzlaff, David and Agarwal, Anant}, 
	year={2009}, 
	pages={76--85}
}

@inproceedings{boyd-wickizer:osdi2008-corey,
	author = {Boyd-Wickizer, Silas and Chen, Haibo and Chen, Rong and Mao, Yandong and Kaashoek, Frans and Morris, Robert and Pesterev, Aleksey and Stein, Lex and Wu, Ming and Dai, Yuehua and Zhang, Yang and Zhang, Zheng},
	title = {Corey: an operating system for many cores},
	booktitle = {Proceedings of the 8th USENIX conference on Operating systems design and implementation},
	series = {OSDI'08},
	year = {2008},
	location = {San Diego, California},
	pages = {43--57},
	numpages = {15},
	url = {http://dl.acm.org/citation.cfm?id=1855741.1855745},
	acmid = {1855745},
	publisher = {USENIX Association},
	address = {Berkeley, CA, USA},
} 

@article{appavoo:acm2007-k42,
	author = {Appavoo, Jonathan and Silva, Dilma Da and Krieger, Orran and Auslander, Marc and Ostrowski, Michal and Rosenburg, Bryan and Waterland, Amos and Wisniewski, Robert W. and Xenidis, Jimi and Stumm, Michael and Soares, Livio},
	title = {Experience distributing objects in an SMMP OS},
	journal = {ACM Trans. Comput. Syst.},
	issue_date = {August 2007},
	volume = {25},
	number = {3},
	month = aug,
	year = {2007},
	issn = {0734-2071},
	articleno = {6},
	url = {http://doi.acm.org/10.1145/1275517.1275518},
	doi = {10.1145/1275517.1275518},
	acmid = {1275518},
	publisher = {ACM},
	address = {New York, NY, USA},
 	keywords = {Concurrency, Distribution, Locality, Scalability SMMP},
} 

@inproceedings{gamsa:osdi1999-tornado,
	author = {Ben Gamsa and Orran Krieger and Jonathan Appavoo and Michael Stumm},
	title = {Tornado: Maximizing Locality and Concurrency in a Shared Memory Multiprocessor Operating System},
	booktitle = {In Proceedings of the 3rd Symposium on Operating Systems Design and Implementation (OSDI)},
	year = {1999},
	pages = {87--100}
}

@inproceedings{agarwal:dac2007-killmulticore,
	author = {Agarwal, Anant and Levy, Markus},
	title = {The kill rule for multicore},
	booktitle = {Proceedings of the 44th annual Design Automation Conference},
	series = {DAC '07},
	year = {2007},
	isbn = {978-1-59593-627-1},
	location = {San Diego, California},
	pages = {750--753},
	numpages = {4},
	url = {http://doi.acm.org/10.1145/1278480.1278668},
	doi = {10.1145/1278480.1278668},
	acmid = {1278668},
	publisher = {ACM},
	address = {New York, NY, USA},
	keywords = {CMP, computer architecture, core, kill rule, multicore, parallel computing, power efficiency, stream processing, tiled multicore},
} 

@article{bugnion:acm1997-disco,
	author = {Bugnion, Edouard and Devine, Scott and Govil, Kinshuk and Rosenblum, Mendel},
	title = {Disco: running commodity operating systems on scalable multiprocessors},
	journal = {ACM Trans. Comput. Syst.},
	issue_date = {Nov. 1997},
	volume = {15},
	number = {4},
	month = nov,
	year = {1997},
	issn = {0734-2071},
	pages = {412--447},
	numpages = {36},
	url = {http://doi.acm.org/10.1145/265924.265930},
	doi = {10.1145/265924.265930},
	acmid = {265930},
	publisher = {ACM},
	address = {New York, NY, USA},
	keywords = {scalable multiprocessors, virtual machines},
} 

@inproceedings{saha:eurosys2007-cmp,
	author = {Saha, Bratin and Adl-Tabatabai, Ali-Reza and Ghuloum, Anwar and Rajagopalan, Mohan and Hudson, Richard L. and Petersen, Leaf and Menon, Vijay and Murphy, Brian and Shpeisman, Tatiana and Sprangle, Eric and Rohillah, Anwar and Carmean, Doug and Fang, Jesse},
	title = {Enabling scalability and performance in a large scale CMP environment},
	booktitle = {Proceedings of the 2nd ACM SIGOPS/EuroSys European Conference on Computer Systems 2007},
	series = {EuroSys '07},
	year = {2007},
	isbn = {978-1-59593-636-3},
	location = {Lisbon, Portugal},
	pages = {73--86},
	numpages = {14},
	url = {http://doi.acm.org/10.1145/1272996.1273006},
	doi = {10.1145/1272996.1273006},
	acmid = {1273006},
	publisher = {ACM},
	address = {New York, NY, USA},
	keywords = {memory management, multi-core processors, parallel programming, runtime design, scheduler design, sequestered mode, synchronization primitives, transactional memory},
} 

@inproceedings{mao:eurosys2012-masstree,
	title = {Cache Craftiness for Fast Multicore Key-Value Storage},
	author = {Yandong Mao and Eddie Kohler and Robert Morris},
	booktitle = {Proceedings of the ACM EuroSys Conference (EuroSys 2012)},
	year = {2012},
	month = {April},
	address = {Bern, Switzerland},
}

@inproceedings{song:eurosys2011-cerberus,
	author = {Song, Xiang and Chen, Haibo and Chen, Rong and Wang, Yuanxuan and Zang, Binyu},
	title = {A case for scaling applications to many-core with OS clustering},
	booktitle = {Proceedings of the sixth conference on Computer systems},
	series = {EuroSys '11},
	year = {2011},
	isbn = {978-1-4503-0634-8},
	location = {Salzburg, Austria},
	pages = {61--76},
	numpages = {16},
	url = {http://doi.acm.org/10.1145/1966445.1966452},
	doi = {10.1145/1966445.1966452},
	acmid = {1966452},
	publisher = {ACM},
	address = {New York, NY, USA},
	keywords = {multicore, os clustering, scalability},
} 

@inproceedings{brandt:rtss2003-rad,
	author = {Brandt, Scott A. and Banachowski, Scott and Lin, Caixue and Bisson, Timothy},
	title = {{D}ynamic {I}ntegrated {S}cheduling of {H}ard {R}eal-{T}ime, {S}oft {R}eal-{T}ime and {N}on-{R}eal-{T}ime {P}rocesses},
	booktitle = {Proceedings of the 24th IEEE International Real-Time Systems Symposium},
	series = {RTSS '03},
	year = {2003},
	pages = {396--},
} 

%%%%%%%%%%%%%%%%%%%%%%%%%%%%%%%%%%%%%%%%%%%%%%%%%%
% General Help Books
%%%%%%%%%%%%%%%%%%%%%%%%%%%%%%%%%%%%%%%%%%%%%%%%%%
@book{tanenbaum:2008-mos,
	title={Modern Operating Systems},
	author={Tanenbaum, A.S.},
	isbn={9780136006633},
	lccn={2008273363},
	series={GOAL Series},
	url={http://books.google.com/books?id=DxNiQgAACAAJ},
	year={2008},
	publisher={Pearson Prentice Hall}
}

@book{bovet:2005-utlk,
	author = {Bovet, Daniel and Cesati, Marco},
	title = {Understanding The Linux Kernel},
	year = {2005},
	isbn = {0596005652},
	publisher = {Oreilly \& Associates Inc},
} 

@book{maurer:2008-linux-arch,
	author = {Mauerer, Wolfgang},
	title = {Professional Linux Kernel Architecture},
	year = {2008},
	isbn = {0470343435, 9780470343432},
	publisher = {Wrox Press Ltd.},
	address = {Birmingham, UK, UK},
} 
@book{oreilly:2012-big-data-now,
	title={Big Data Now: 2012 Edition},
	author={O'Reilly Media, I.},
	isbn={9781449356682},
	url={http://books.google.com/books?id=DhATUBDFyI0C},
	year={2012},
	publisher={O'Reilly Media}
}

@book{rixner:2002-stream,
	title={Stream processor architecture},
	author={Rixner, Scott},
	year={2002},
	publisher={Springer}
}

@misc{website:virtio,
      url = {http://www.ibm.com/developerworks/linux/library/l-virtio/},
      title = {Virtio: An I/O virtualization framework for Linux},
      author = {M. Tim Jones},
}

@misc{website:virtio-balloon,
      url = {http://rwmj.wordpress.com/2010/07/17/virtio-balloon/},
      title = {Virtio Balloon},
      author = {Richard WM Jones},
}

@book{chisnall:book2007-xen,
	author = {Chisnall, David},
	title = {The Definitive Guide to the Xen Hypervisor (Prentice Hall Open Source Software Development Series)},
	year = {2007},
	isbn = {013234971X},
	publisher = {Prentice Hall PTR},
	address = {Upper Saddle River, NJ, USA},
} 

%%%%%%%%%%%%%%%%%%%%%%%%%%%%%%%%%%%%%%%%%%%%%%%%%%
% Physical Memory Layout
%%%%%%%%%%%%%%%%%%%%%%%%%%%%%%%%%%%%%%%%%%%%%%%%%%
@inproceedings{olschanowsky:ICPPW2010-PIR,
	author = {Olschanowsky, Catherine and Snavely, Allan and Meswani, Mitesh R. and Carrington, Laura},
	title = {{PIR}: {PM}a{C}'s {I}diom {R|}ecognizer},
	booktitle = {Proceedings of the 39th International Conference on Parallel Processing Workshops},	
	series = {ICPPW '10},
	year = {2010},
	pages = {189--196},
	publisher = {IEEE Computer Society},
} 

@inproceedings{luk:PLDI2005-pin,
	author = {Luk, Chi-Keung and Cohn, Robert and Muth, Robert and Patil, Harish and Klauser, Artur and Lowney, Geoff and Wallace, Steven and Reddi, Vijay Janapa and Hazelwood, Kim},
	title = {{P}in: {B}uilding {C}ustomized {P}rogram {A}nalysis {T}ools with {D}ynamic {I}nstrumentation},
	booktitle = {Proceedings of the ACM SIGPLAN Conference on Programming Language Design and Implementation},
	series = {PLDI '05},
	year = {2005},
	pages = {190--200},
	url = {http://doi.acm.org/10.1145/1065010.1065034},
	publisher = {ACM},
} 

@inproceedings{movall:atec2005-physical,	
	author = {Movall, Paul and Nelson, Ward and Wetzstein, Shaun},
	title = {{L}inux {P}hysical {M}emory {A}nalysis},
	booktitle = {Proceedings of the Annual Conference on USENIX Annual Technical Conference},
	series = {ATEC '05},
	year = {2005},
	publisher = {USENIX Association},
} 

%%%%%%%%%%%%%%%%%%%%%%%%%%%%%%%%%%%%%%%%%%%%%%%%%%
% Debugging
%%%%%%%%%%%%%%%%%%%%%%%%%%%%%%%%%%%%%%%%%%%%%%%%%%
@misc{tan:na-gdbstub,
	author = {Minheng Tan},
	title = {A minimal GDB stub for embedded remote debugging},
	month = {December},
	year = {2002},
}

%%%%%%%%%%%%%%%%%%%%%%%%%%%%%%%%%%%%%%%%%%%%%%%%%%
% Working Set Papers
%%%%%%%%%%%%%%%%%%%%%%%%%%%%%%%%%%%%%%%%%%%%%%%%%%
@ARTICLE{denning:acm1970-vm,
	author = {Denning, Peter J.},
	title = {Virtual Memory},
	journal = {ACM Comput. Surv.},
	issue_date = {Sept. 1970},
	volume = {2},
	number = {3},
	month = sep,
	year = {1970},
	issn = {0360-0300},
	pages = {153--189},
	numpages = {37},
	url = {http://doi.acm.org/10.1145/356571.356573},
	doi = {10.1145/356571.356573},
	acmid = {356573},
	publisher = {ACM},
	address = {New York, NY, USA},
} 

@article{denning:acm1978-queueing,
	author = {Denning, Peter J. and Buzen, Jeffrey P.},
	title = {The Operational Analysis of Queueing Network Models},
	journal = {ACM Comput. Surv.},
	issue_date = {Sept. 1978},
	volume = {10},
	number = {3},
	month = sep,
	year = {1978},
	issn = {0360-0300},
	pages = {225--261},
	numpages = {37},
	url = {http://doi.acm.org/10.1145/356733.356735},
	doi = {10.1145/356733.356735},
	acmid = {356735},
	publisher = {ACM},
	address = {New York, NY, USA},
} 

@article{denning:acm1983-model,
	author = {Denning, Peter J.},
	title = {The working set model for program behavior},
	journal = {Commun. ACM},
	issue_date = {Jan. 1983},
	volume = {26},
	number = {1},
	month = jan,
	year = {1983},
	issn = {0001-0782},
	pages = {43--48},
	numpages = {6},
	url = {http://doi.acm.org/10.1145/357980.357997},
	doi = {10.1145/357980.357997},
	acmid = {357997},
	publisher = {ACM},
	address = {New York, NY, USA},
	keywords = {general operating systems concepts, multi-processing, multiprogramming, operating system, program behavior, program models, resource allocation, 	scheduling, storage allocation},
} 

@article{denning:acm1972-properties,
	author = {Denning, Peter J. and Schwartz, Stuart C.},
	title = {Properties of the working-set model},
	journal = {Commun. ACM},
	issue_date = {March 1972},
	volume = {15},
	number = {3},
	month = mar,
	year = {1972},
	issn = {0001-0782},
	pages = {191--198},
	numpages = {8},
	url = {http://doi.acm.org/10.1145/361268.361281},
	doi = {10.1145/361268.361281},
	acmid = {361281},
	publisher = {ACM},
	address = {New York, NY, USA},
	keywords = {paging, paging algorithms, program behavior, program modeling, working-set model},
} 

@mastersthesis{mcmenamin:thesis2011-applying-ws,
	author    = {Adrian McMenamin},
	title     = {Applying Working Set Heuristics to the Linux Kernel},
	school    = {Birkbeck College, University of London},
	type     = {MSc Project},
	year      = {2011},
	note     = {Notes @ http://cartesianproduct.wordpress.com/2011/12/17/working-set-heuristics-and-the-linux-kernel-my-msc-report/},
}

%%%%%%%%%%%%%%%%%%%%%%%%%%%%%%%%%%%%%%%%%%%%%%%%%%
% Cloud papers
%%%%%%%%%%%%%%%%%%%%%%%%%%%%%%%%%%%%%%%%%%%%%%%%%%
@inproceedings{quiroz:grid2009-cloud-workload-provisioning,
	title={{T}owards {A}utonomic {W}orkload {P}rovisioning for {E}nterprise {G}rids and {C}louds},
	author={Quiroz, Andres and Kim, Hyunjoo and Parashar, Manish and Gnanasambandam, Nathan and Sharma, Naveen},
	booktitle={Grid Computing, 2009 10th IEEE/ACM International Conference on},
	series = {GridComputing'09},
	pages={50--57},
	year={2009},
	organization={IEEE}
}

@inproceedings{vilutis:ITI2012-cloud-load-balancing,
	title={{M}odel of {L}oad {B}alancing and {S}cheduling in {C}loud {C}omputing},
	author={Vilutis, Gytis and Daugirdas, Linas and Kavaliunas, Rimantas and Sutiene, Kristina and Vaidelys, Martynas},
	booktitle={Information Technology Interfaces (ITI), Proceedings of the ITI 2012 34th International Conference on},
	pages={117--122},
	year={2012},
	organization={IEEE}
}

@article{zhang:journal2010-cloud-challenges,
	title={{C}loud {C}omputing: {S}tate-of-the-art and {R}esearch {C}hallenges},
	author={Zhang, Qi and Cheng, Lu and Boutaba, Raouf},
	journal={Journal of Internet Services and Applications},
	series={Int. Services \& Apps '10},
	volume={1},
	number={1},
	pages={7--18},
	year={2010},
	publisher={Springer}
}

@article{ranjan:cloud-computing2010-peer-to-peer,
	title={Peer-to-peer cloud provisioning: Service discovery and load-balancing},
	author={Ranjan, Rajiv and Zhao, Liang and Wu, Xiaomin and Liu, Anna and Quiroz, Andres and Parashar, Manish},
	journal={Cloud Computing},
	pages={195--217},
	year={2010},
	publisher={Springer}
}

@article{manjunath:ijais2012-paas-provisioing,
	author = {K S Manjunath and Anirban Basu},
	title = {Article: Effective Technique for VM Provisioning on PaaS Cloud Computing Platform},
	journal = {International Journal of Applied Information Systems},
	year = {2012},
	volume = {4},
	number = {6},
	pages = {44-47},
	month = {December},
	note = {Published by Foundation of Computer Science, New York, USA}
}

%%%%%%%%%%%%%%%%%%%%%%%%%%%%%%%%%%%%%%%%%%%%%%%%%%
% Workload papers
%%%%%%%%%%%%%%%%%%%%%%%%%%%%%%%%%%%%%%%%%%%%%%%%%%
@inproceedings{kuz:usenix2011-benchmarks,
	author = {Kuz, Ihor and Anderson, Zachary and Shinde, Pravin and Roscoe, Timothy},
	title = {Multicore OS benchmarks: we can do better},
	booktitle = {Proceedings of the 13th USENIX conference on Hot topics in operating systems},
	series = {HotOS'13},
	year = {2011},
	location = {Napa, California},
	pages = {10--10},	
	numpages = {1},
	url = {http://dl.acm.org/citation.cfm?id=1991596.1991610},
	acmid = {1991610},
	publisher = {USENIX Association},
	address = {Berkeley, CA, USA},
} 

@article{jacobs:acm2009-big-data-article,
	author = {Jacobs, Adam},
	title = {The pathologies of big data},
	journal = {Commun. ACM},
	issue_date = {August 2009},
	volume = {52},
	number = {8},
	month = aug,
	year = {2009},
	issn = {0001-0782},
	pages = {36--44},
	numpages = {9},
	url = {http://doi.acm.org/10.1145/1536616.1536632},
	doi = {10.1145/1536616.1536632},
	acmid = {1536632},
	publisher = {ACM},
	address = {New York, NY, USA},
} 

@inproceedings{zhan:pdpsw2012-characterize-apps,
	title={High Volume Throughput Computing: Identifying and Characterizing Throughput Oriented Workloads in Data Centers},
	author={Zhan, Jianfeng and Zhang, Lixin and Sun, Ninghui and Wang, Lei and Jia, Zhen and Luo, Chunjie},
	booktitle={Parallel and Distributed Processing Symposium Workshops \& PhD Forum (IPDPSW), 2012 IEEE 26th International},
	pages={1712--1721},
	year={2012},
	organization={IEEE}
}

@article{henning:2000computer-spec,
	title={SPEC CPU2000: Measuring CPU performance in the new millennium},
	author={Henning, John L},
	journal={Computer},
	volume={33},
	number={7},
	pages={28--35},
	year={2000},
	publisher={IEEE}
}
%%%%%%%%%%%%%%%%%%%%%%%%%%%%%%%%%%%%%%%%%%%%%%%%%%
% Big Data Case Studies
%%%%%%%%%%%%%%%%%%%%%%%%%%%%%%%%%%%%%%%%%%%%%%%%%%

@inproceedings{zong:DISCS2012-satellite,
        title={Architecture Design of A Data Intensive Satellite Image Processing and Distribution System},
        author={Zong, Z. and Romoser, B.},
        booktitle={The International Workshop on Data-Intensive Scalable Computer Systems (DISCS)},
        year={2012}
}

@inproceedings{van-essen:DISCS2012-DI-MMAP,
        title={DI-MMAP: A High Performance Memory-Map Runtime for Data-Intensive Applications},
        author={Van Essen, B. and Hsieh, H. and Ames, S. and Gokhale, M.},
        booktitle={The International Workshop on Data-Intensive Scalable Computer Systems (DISCS)},
        year={2012}
}


%%%%%%%%%%%%%%%%%%%%%%%%%%%%%%%%%%%%%%%%%%%%%%%%%%
% Security papers
%%%%%%%%%%%%%%%%%%%%%%%%%%%%%%%%%%%%%%%%%%%%%%%%%%

@inproceedings{garfinkel:NDSSS2003-VM-introspection,
	title={A virtual machine introspection based architecture for intrusion detection},
	author={Garfinkel, T. and Rosenblum, M. and others},
	booktitle={Proc. Network and Distributed Systems Security Symposium},
	year={2003}
}

@inproceedings{vasisht:micro2008-SHARK,
	author = {Vasisht, Vikas R. and Lee, Hsien-Hsin S.},
	title = {SHARK: Architectural support for autonomic protection against stealth by rootkit exploits},
	booktitle = {Proceedings of the 41st annual IEEE/ACM International Symposium on Microarchitecture},
	series = {MICRO 41},
	year = {2008},
	isbn = {978-1-4244-2836-6},
	pages = {106--116},
	numpages = {11},
	url = {http://dx.doi.org/10.1109/MICRO.2008.4771783},
	doi = {10.1109/MICRO.2008.4771783},
	acmid = {1521783},
	publisher = {IEEE Computer Society},
	address = {Washington, DC, USA},
} 

@article{toldinas:kaunas2009-VM-rootkits,
	title={Rootkit Detection Experiment within a Virtual Environment},
	author={Toldinas, J. and Rudzika, D. and {\v{S}}tuikys, V. and Ziberkas, G.},
	journal={Electronics and Electrical Engineering--Kaunas: Technologija},
	number={8},
	pages={104},
	year={2009},
	volume={NA},
}

@techreport{dolan-gavitt:techreport2011-leveraging-forensic-introspection,
	author    = {Dolan-Gavitt, Brendan and Payne, Bryan and Lee, Wenke},
	title     = {Leveraging Forensic Tools for Virtual Machine Introspection},
	institution = {Georgia Institute of Technology},
	type     = {Technical Report}, 
	number   = {GT-CS-11-05},
	year      = {2011},
}


@inproceedings{payne:acsac2007-secure-flexible-vm-monitoring,
	author    = {Bryan D. Payne and Wenke Lee},
	title     = {Secure and Flexible Monitoring of Virtual Machines},
	booktitle = {ACSAC},
	year      = {2007},
	pages     = {385-397},
	bibsource = {DBLP, http://dblp.uni-trier.de}
}


@inproceedings{fu:sp2012-space-traveling,
	author = {Fu, Yangchun and Lin, Zhiqiang},
	title = {Space Traveling across VM: Automatically Bridging the Semantic Gap in Virtual Machine Introspection via Online Kernel Data Redirection},
	booktitle = {Proceedings of the 2012 IEEE Symposium on Security and Privacy},
	series = {SP '12},
	year = {2012},
	isbn = {978-0-7695-4681-0},
	pages = {586--600},
	numpages = {15},
	url = {http://dx.doi.org/10.1109/SP.2012.40},
	acmid = {2310724},
	publisher = {IEEE Computer Society},
	address = {Washington, DC, USA},
} 

% Papers for class

@inproceedings{chen:sp2010-side-channels,
	author = {Chen, Shuo and Wang, Rui and Wang, XiaoFeng and Zhang, Kehuan},
	title = {Side-Channel Leaks in Web Applications: A Reality Today, a Challenge Tomorrow},
	booktitle = {Proceedings of the 2010 IEEE Symposium on Security and Privacy},
	series = {SP '10},
	year = {2010},
	isbn = {978-0-7695-4035-1},
	pages = {191--206},
	numpages = {16},
	url = {http://dx.doi.org/10.1109/SP.2010.20},
	doi = {10.1109/SP.2010.20},
	acmid = {1849974},
	publisher = {IEEE Computer Society},
	address = {Washington, DC, USA},
	keywords = {side-channel-leak, Software-as-a-Service (SaaS), web application, encrypted traffic, ambiguity set, padding},
} 

@inproceedings{dingledine:ssym2004-tor,
	author = {Dingledine, Roger and Mathewson, Nick and Syverson, Paul},
	title = {Tor: the second-generation onion router},
	booktitle = {Proceedings of the 13th conference on USENIX Security Symposium - Volume 13},
	series = {SSYM'04},
	year = {2004},
	location = {San Diego, CA},
	pages = {21--21},
	numpages = {1},
	url = {http://dl.acm.org/citation.cfm?id=1251375.1251396},
	acmid = {1251396},
	publisher = {USENIX Association},
	address = {Berkeley, CA, USA},
} 

@article{gentry:acm2010-homomorphic,
	author = {Gentry, Craig},
	title = {Computing arbitrary functions of encrypted data},
	journal = {Commun. ACM},
	issue_date = {March 2010},
	volume = {53},
	number = {3},
	month = mar,
	year = {2010},
	issn = {0001-0782},
	pages = {97--105},
	numpages = {9},
	url = {http://doi.acm.org/10.1145/1666420.1666444},
	doi = {10.1145/1666420.1666444},
	acmid = {1666444},
	publisher = {ACM},
	address = {New York, NY, USA},
} 


@article{rivers:acm1978-onewayf,
	author = {Rivest, R. L. and Shamir, A. and Adleman, L.},
	title = {A method for obtaining digital signatures and public-key cryptosystems},
	journal = {Commun. ACM},
	issue_date = {Feb. 1978},
	volume = {21},
	number = {2},
	month = feb,
	year = {1978},
	issn = {0001-0782},
	pages = {120--126},
	umpages = {7},
	url = {http://doi.acm.org/10.1145/359340.359342},
	doi = {10.1145/359340.359342},
	acmid = {359342},
	publisher = {ACM},
	address = {New York, NY, USA},
	keywords = {authentication, cryptography, digital signatures, electronic funds transfer, electronic mail, factorization, message-passing, prime number, privacy, public-key cryptosystems, security},
} 

@inproceedings{laureano:euromicro2004-idsInVMs,
	author = {Laureano, Marcos and Maziero, Carlos and Jamhour, Edgard},
	title = {Intrusion Detection in Virtual Machine Environments},
	booktitle = {Proceedings of the 30th EUROMICRO Conference},
	series = {EUROMICRO '04},
	year = {2004},
	isbn = {0-7695-2199-1},
	pages = {520--525},
	numpages = {6},
	url = {http://dx.doi.org/10.1109/EUROMICRO.2004.48},
	doi = {10.1109/EUROMICRO.2004.48},
	acmid = {1019724},
	publisher = {IEEE Computer Society},
	address = {Washington, DC, USA},
} 

@inproceedings{dolan-gavitt:ieeesp2011-virtuoso,
	author = {Dolan-Gavitt, Brendan and Leek, Tim and Zhivich, Michael and Giffin, Jonathon and Lee, Wenke},
	title = {Virtuoso: Narrowing the Semantic Gap in Virtual Machine Introspection},
	booktitle = {Proceedings of the 2011 IEEE Symposium on Security and Privacy},
	series = {SP '11},
	year = {2011},
	isbn = {978-0-7695-4402-1},
	pages = {297--312},
	numpages = {16},
	url = {http://dx.doi.org/10.1109/SP.2011.11},
	doi = {10.1109/SP.2011.11},
	acmid = {2006772},
	publisher = {IEEE Computer Society},
	address = {Washington, DC, USA},
	keywords = {virtual machine introspection, security, dynamic analysis, virtualization},
} 

@inproceedings{bahram:IEEErds2012-DKSM,
	author = {Bahram, Sina and Jiang, Xuxian and Wang, Zhi and Grace, Mike and Li, Jinku and Srinivasan, Deepa and Rhee, Junghwan and Xu, Dongyan},
	title = {DKSM: Subverting Virtual Machine Introspection for Fun and Profit},
	booktitle = {Proceedings of the 2010 29th IEEE Symposium on Reliable Distributed Systems},
	series = {SRDS '10},
	year = {2010},
	isbn = {978-0-7695-4250-8},
	pages = {82--91},
	numpages = {10},
	url = {http://dx.doi.org/10.1109/SRDS.2010.39},
	doi = {10.1109/SRDS.2010.39},
	acmid = {1916430},
	publisher = {IEEE Computer Society},
	address = {Washington, DC, USA},
	keywords = {Virtualization, Introspection, Direct Kernel Structure Manipulation},
} 

%%%%%%%%%%%%%%%%%%%%%%%%%%%%%%%%%%%%%%%%%%%%%%%%%%
% STORAGE
% Distributed File Systems
%%%%%%%%%%%%%%%%%%%%%%%%%%%%%%%%%%%%%%%%%%%%%%%%%%

@inproceedings{weil:osdi2006-ceph,
  author = {Weil, Sage A. and Brandt, Scott A. and Miller, Ethan L. and Long, Darrell D. E. and Maltzahn, Carlos},
  title = {{C}eph: {A} {S}calable, {H}igh-{P}erformance {D}istributed {F}ile {S}ystem},
  booktitle = {Proceedings of the 7th USENIX Symposium on Operating Systems Design \& Implementation},
  series = {OSDI'06},
  year = {2006},
}

@inproceedings{beaver:osdi2010-haystack,
	author = {Beaver, Doug and Kumar, Sanjeev and Li, Harry C. and Sobel, Jason and Vajgel, Peter},
	title = {{F}inding a {N}eedle in {H}aystack: {F}acebook's {P}hoto {S}torage},
	booktitle = {Proceedings of the 9th USENIX Conference on Operating Systems Design \& Implementation},
	series = {OSDI '10},
	year = {2010},
}

%%%%%%%%%%%%%%%%%%%%%%%%%%%%%%%%%%%%%%%%%%%%%%%%%%
% STORAGE
% Object Stores
%%%%%%%%%%%%%%%%%%%%%%%%%%%%%%%%%%%%%%%%%%%%%%%%%%

@inproceedings{nightingale:osdi2012-fds,
  author = {Edmund B. Nightingale and Jeremy Elson and Jinliang Fan and Owen Hofmann and Jon Howell and Yutaka Suzue},
  title = {{F}lat {D}atacenter {S}torage},
  booktitle = {Proceedings of the 10th USENIX Symposium on Operating Systems Design \& Implementation},
  series = {OSDI'12},
  year = {2012},
}

@inproceedings{toor:nas2012-swift,
  title={{I}nvestigating an {O}pen {S}ource {C}loud {S}torage {I}nfrastructure for {CERN}-{S}pecific {D}ata {A}nalysis},
  author={Toor, Salman and Toebbicke, Rainer and Resines, Maitane Zotes and Holmgren, Sverker},
  booktitle={Proceedsings of the 7th IEEE International Conference on Networking, Architecture and Storage},
  series={NAS'12},
  year={2012},
  organization={IEEE}
}

@inproceedings{muralidhar:osdi2014-f4,
  author = {Subramanian Muralidhar and Wyatt Lloyd and Sabyasachi Roy and Cory Hill and Ernest Lin and Weiwen Liu and Satadru Pan and Shiva Shankar and Viswanath Sivakumar and Linpeng Tang and Sanjeev Kumar},
  title = {f4: {F}acebook{\textquoteright}s {W}arm {BLOB} {S}torage {S}ystem},
  booktitle = {11th USENIX Symposium on Operating Systems Design and Implementation (OSDI' 14)},
  year = {2014},
}

%%%%%%%%%%%%%%%%%%%%%%%%%%%%%%%%%%%%%%%%%%%%%%%%%%
% STORAGE
% Distributed Block Devices
%%%%%%%%%%%%%%%%%%%%%%%%%%%%%%%%%%%%%%%%%%%%%%%%%%

@inproceedings{mickens:ndsi2014-blizzard,
	author = {James Mickens and Edmund B. Nightingale and Jeremy Elson and Darren Gehring and Bin Fan and Asim Kadav and Vijay Chidambaram and Osama Khan and Krishna Nareddy},
	title = {{B}lizzard: {F}ast, {C}loud-scale {B}lock {S}torage for {C}loud-oblivious {A}pplications},
	booktitle = {11th USENIX Symposium on Networked Systems Design \& Implementation (NSDI 14)},
	year = {2014},
	month = Apr,
}

%%%%%%%%%%%%%%%%%%%%%%%%%%%%%%%%%%%%%%%%%%%%%%%%%%
% STORAGE
% Data Warehouse
%%%%%%%%%%%%%%%%%%%%%%%%%%%%%%%%%%%%%%%%%%%%%%%%%%

@inproceedings{thusoo:sigmod2010-facebook-infrastructure,
	author = {Thusoo, Ashish and Shao, Zheng and Anthony, Suresh and Borthakur, Dhruba and Jain, Namit and Sen Sarma, Joydeep and Murthy, Raghotham and Liu, Hao},
	title = {{D}ata {W}arehousing and {A}nalytics {I}nfrastructure at {F}acebook},
	booktitle = {Proceedings of the 2010 ACM SIGMOD International Conference on Management of Data},
	series = {SIGMOD '10},
	year = {2010},
 }

%%%%%%%%%%%%%%%%%%%%%%%%%%%%%%%%%%%%%%%%%%%%%%%%%%
% STORAGE
% Metadata Workloads
%%%%%%%%%%%%%%%%%%%%%%%%%%%%%%%%%%%%%%%%%%%%%%%%%%

@inproceedings{roselli:atec2000-FS-workloads,
  author = {Roselli, Drew and Lorch, Jacob R. and Anderson, Thomas E.},
  title = {{A} {C}omparison of {F}ile {S}ystem {W}orkloads},
  booktitle = {Proceedings of the Annual Conference on USENIX Annual Technical Conference},
  series = {ATEC '00},
  year = {2000},
  pages = {4--4},
} 

@inproceedings{alam:pdsw2011-metadata-scaling,
  author = {Alam, Sadaf R. and El-Harake, Hussein N. and Howard, Kristopher and Stringfellow, Neil and Verzelloni, Fabio},
  title = {{P}arallel {I}/{O} and the {M}etadata {W}all},
  booktitle = {Proceedings of the 6th Workshop on Parallel Data Storage},
  series = {PDSW'11},
  year = {2011},
}

%%%%%%%%%%%%%%%%%%%%%%%%%%%%%%%%%%%%%%%%%%%%%%%%%%
% STORAGE
% Metadata - single node
%%%%%%%%%%%%%%%%%%%%%%%%%%%%%%%%%%%%%%%%%%%%%%%%%%

@article{shvachko:login2012-hdfs-scalability,
  author = {Shvachko, K onstantin V.},
  journal = {login; The  Magazine of USENIX},
  title = {{HDFS Scalability: The Limits to Growth}},
  year = {2010},
  series = {login; '10},
}

@inproceedings{konstantinos:pdsw2014-lustre-metadata,
  author = {Chasapis, Konstantinos and Dolz, Manuel F. and Kuhn, Michael and Ludwig, Thomas},
  title = {{E}valuating {L}ustre's {M}etadata {S}erver on a {M}ulti-socket {P}latform},
  booktitle = {Proceedings of the 9th Parallel Data Storage Workshop},
  series = {PDSW '14},
  year={2014},
}

%%%%%%%%%%%%%%%%%%%%%%%%%%%%%%%%%%%%%%%%%%%%%%%%%%
% STORAGE
% Metadata - subtree partitioning
%%%%%%%%%%%%%%%%%%%%%%%%%%%%%%%%%%%%%%%%%%%%%%%%%%

@inproceedings{weil:sc2004-dyn-metadata,
  author = {Weil, Sage A. and Pollack, Kristal T. and Brandt, Scott A. and Miller, Ethan L.},
  title = {{D}ynamic {M}etadata {M}anagement for {P}etabyte-{S}cale {F}ile {S}ystems},
  booktitle = {Proceedings of the 17th ACM/IEEE Conference on Supercomputing},
  series = {SC'04},
  year = {2004},
} 

@phdthesis{weil:phdthesis07,
  Author = {Sage A. Weil},
  Month = {December},
  School = {University of California at Santa Cruz},
  Title = {{C}eph: {R}eliable, {S}calable, and {H}igh-{P}erformance {D}istributed {S}torage},
  Year = {2007}
}

@inproceedings{welch:fast2008-panasas,
  author = {Welch, Brent and Unangst, Marc and Abbasi, Zainul and Gibson, Garth and Mueller, Brian and Small, Jason and Zelenka, Jim and Zhu, Bin},
  title = {{S}calable {P}erformance of the {P}anasas {P}arallel {F}ile {S}ystem},
  booktitle = {Proceedings of the 6th USENIX Conference on File and Storage Technologies},
  series = {FAST'08},
  year = {2008},
}

@inproceedings{sevilla:sc15-mantle,
  author = {Sevilla, Michael A. and Watkins, Noah and Maltzahn, Carlos and Nassi, Ike and Brandt, Scott A. and Weil, Sage A. and Farnum, Greg  and Fineberg, Sam},
  title = {Mantle: A Programmable Metadata Load Balancer for the Ceph File System},
  booktitle = {Proceedings of the International Conference for High Performance Computing, Networking, Storage and Analysis},
  series = {SC '15},
  year = {2015},
} 

%%%%%%%%%%%%%%%%%%%%%%%%%%%%%%%%%%%%%%%%%%%%%%%%%%
% STORAGE
% Create-Heavy workloads - hash
%%%%%%%%%%%%%%%%%%%%%%%%%%%%%%%%%%%%%%%%%%%%%%%%%%

@inproceedings{patil:pdsw2007-giga+,
  author = {Patil, Swapnil V. and Gibson, Garth A. and Lang, Sam and Polte, Milo},
  title = {{GIGA}+: {S}calable {D}irectories for {S}hared {F}ile {S}ystems},
  booktitle = {Proceedings of the 2nd International Workshop on Petascale Data Storage: held in conjunction with Supercomputing '07},
  series = {PDSW '07},
  year = {2007},
}

@inproceedings{patil:fast2011-giga+,
  author = {Patil, Swapnil V. and Gibson, Garth A.},
  title = {{S}cale and {C}oncurrency of {GIGA}+: {F}ile {S}ystem {D}irectories with {M}illions of {F}iles},
  booktitle = {Proceedings of the 9th USENIX Conference on File and Storage Technologies},
  series = {FAST '11},
  year = {2011},
}

@inproceedings{ren:atc2013-tablefs,
  author = {Ren, Kai and Gibson, Garth},
  title = {{TABLEFS}: {E}nhancing {M}etadata {E}fficiency in the {L}ocal {F}ile {S}ystem},
  booktitle = {Proceedings of the 2013 USENIX Conference on Annual Technical Conference},
  series = {USENIX ATC'13},
  year = {2013},
} 
@inproceedings{ren:sc2014-indexfs,
  author = {Ren, Kai and Zheng, Qing and Patil, Swapnil and Gibson, Garth},  
  title = {{I}ndex{FS}: {S}caling {F}ile {S}ystem {M}etadata {P}erformance with {S}tateless {C}aching and {B}ulk {I}nsertion},
  booktitle = {Proceedings of the 20th ACM/IEEE Conference on Supercomputing},
  series = {SC '14},
  year = {2014},
}

@inproceedings{zheng:pdsw2014-batchfs,
  author = {Zheng, Qing and Ren, Kai and Gibson, Garth},
  title = {{B}atch{FS}: {S}caling the {F}ile {S}ystem {C}ontrol {P}lane with {C}lient-funded {M}etadata {S}ervers},
  booktitle = {Proceedings of the 9th Workshop on Parallel Data Storage},
  series = {PDSW' 14},
  year = {2014},
}

@inproceedings{brandt:msst2003-lh,
  author = {Brandt, Scott A. and Miller, Ethan L. and Long, Darrell D.  E. and Xue, Lan},
  title = {{E}fficient {M}etadata {M}anagement in {L}arge {D}istributed {S}torage {S}ystems},
  booktitle = {Proceedings of the 20th IEEE/11th NASA Goddard Conference on Mass Storage Systems and Technologies},
  series = {MSST '03},
  year = {2003},
}

@inproceedings {thomson:fast2015-calvinfs,
  author = {Alexander Thomson and Daniel J. Abadi},
  title = {{C}alvin{FS}: {C}onsistent {WAN} {R}eplication and {S}calable {M}etadata {M}anagement for {D}istributed {F}ile {S}ystems},
  booktitle = {13th USENIX Conference on File and Storage Technologies (FAST 15)},
  year = {2015},
}
 
@inproceedings{muthitacharoen:sosp2001-nfs,
	author = {Muthitacharoen, Athicha and Chen, Benjie and Mazi\`{e}res, David},
	title = {{A} {L}ow-bandwidth {N}etwork {F}ile {S}ystem},
	booktitle = {Proceedings of the Eighteenth ACM Symposium on Operating Systems Principles},
	series = {SOSP '01},
	year = {2001},
	isbn = {1-58113-389-8},
	location = {Banff, Alberta, Canada},
	pages = {174--187},
	numpages = {14},
	url = {http://doi.acm.org/10.1145/502034.502052},
	doi = {10.1145/502034.502052},
	acmid = {502052},
} 


@inproceedings{li:msst2006-dynamic,
	title={{D}ynamic {H}ashing: {A}daptive {M}etadata {M}anagement for {P}etabyte-scale {S}cale {S}ystems},
	author={Li, Weijia and Xue, Wei and Shu, Jiwu and Zheng, Weimin},
	booktitle={Proceedings of the 23rd IEEE/14th NASA Goddard Conference on Mass Storage Systems and Technologies},
	series={MSST '06},
	year={2006}
}

@inproceedings{grawinkel:pdsw2012-lua,
	author = {Grawinkel, Matthias and Sub, Tim and Best, Gregor and Popov, Ivan and Brinkmann, Andre},
	title = {{T}owards {D}ynamic {S}cripted p{NFS} {L}ayouts},
	booktitle = {Proceedings of the 2012 SC Companion: High Performance Computing, Networking Storage and Analysis},
	series = {SCC '12},
	year = {2012},
}
	isbn = {978-0-7695-4956-9},
	pages = {13--17},
	numpages = {5},
	url = {http://dx.doi.org/10.1109/SC.Companion.2012.13},
	doi = {10.1109/SC.Companion.2012.13},
	acmid = {2477059},
	publisher = {IEEE Computer Society},
	address = {Washington, DC, USA},
	keywords = {pnfs, nfs, layouts, scripting, lua, io advices, io hints},
} 


@inproceedings{xing:sc2009-skyfs,
	author = {Xing, Jing and Xiong, Jin and Sun, Ninghui and Ma, Jie},
	title = {{A}daptive and {S}calable {M}etadata {M}anagement to {S}upport a {T}rillion {F}iles},
	booktitle = {Proceedings of the Conference on High Performance Computing Networking, Storage and Analysis},
	series = {SC '09},
	year = {2009},
}
	isbn = {978-1-60558-744-8},
	location = {Portland, Oregon},
	pages = {26:1--26:11},
	articleno = {26},
	numpages = {11},
	url = {http://doi.acm.org/10.1145/1654059.1654086},
	doi = {10.1145/1654059.1654086},
	acmid = {1654086},
} 

@inproceedings{hildebrand:msst2005-pnfs,
  author = {Hildebrand, Dean and Honeyman, Peter},
  title = {{E}xporting {S}torage {S}ystems in a {S}calable {M}anner with p{NFS}},
  booktitle = {Proceedings of the 22Nd IEEE / 13th NASA Goddard Conference on Mass Storage Systems and Technologies},
  series = {MSST '05},
  year = {2005},
}

@article{zhu:pds2008-hba,
	author = {Zhu, Yifeng and Jiang, Hong and Wang, Jun and Xian, Feng},
	title = {{HBA}: {D}istributed {M}etadata {M}anagement for {L}arge {C}luster-{B}ased {S}torage {S}ystems},
	journal = {IEEE Transactions on Parallel Distribed Systems},
	series = {IPDPS '08},
	volume = {19},
	number = {6},
	month = {June},
	year = {2008},
}
	pages = {750--763},
}

@inproceedings{schmuck:fast2002-gpfs,
  author = {Schmuck, Frank and Haskin, Roger},
  title = {{GPFS}: {A} {S}hared-{D}isk {F}ile {S}ystem for {L}arge {C}omputing {C}lusters},
  booktitle = {Proceedings of the 1st USENIX Conference on File and Storage Technologies},
  series = {FAST '02},
  year = {2002},
}

@inproceedings{sinnamohideen:atc2010-ursa,
	Address = {Boston, MA},
	Author = {Shafeeq Sinnamohideen and Raja R. Sambasivan and James Hendricks and Likun Liu and Gregory R. Ganger},
	Booktitle = {USENIX ATC '10},
	Month = {June 23-25},
	Title = {{A} {T}ransparently-{S}calable {M}etadata {S}ervice for the {U}rsa {M}inor {S}torage {S}ystem},
	Year = {2010},
	Series = {ATC '10}
}

@inproceedings{doucer:osdi2006-farsite-dir,
	author = {Douceur, John R. and Howell, Jon},
	title = {{D}istributed {D}irectory {S}ervice in the {F}arsite {F}ile {S}ystem},
	booktitle = {Proceedings of the 7th Symposium on Operating Systems Design \& Implementation},
	series = {OSDI '06},
	year = {2006},
}
	isbn = {1-931971-47-1},
	location = {Seattle, Washington},
	pages = {321--334},
	numpages = {14},
	url = {http://dl.acm.org/citation.cfm?id=1298455.1298486},
	acmid = {1298486},
	publisher = {USENIX Association},
	address = {Berkeley, CA, USA},
} 


@inproceedings{ghemawat:sosp2003-gfs,
  author = {Ghemawat, Sanjay and Gobioff, Howard and Leung, Shun-Tak},
  title = {{T}he {G}oogle {F}ile {S}ystem},
  booktitle = {Proceedings of the 19th ACM Symposium on Operating Systems Principles},
  series = {SOSP '03},
  year = {2003},
}


@article{mckusick:acm2010-gfs-evolution,
	author = {McKusick, Kirk and Quinlan, Sean},
	title = {{GFS}: {E}volution on {F}ast-forward},
	journal = {Commununications ACM},
	issue_date = {March 2010},
	volume = {53},
	number = {3},
	month = mar,
	year = {2010},
	issn = {0001-0782},
	pages = {42--49},
	series = {login; '10},
}
	numpages = {8},
	url = {http://doi.acm.org/10.1145/1666420.1666439},
	doi = {10.1145/1666420.1666439},
	acmid = {1666439},
	publisher = {ACM},
	address = {New York, NY, USA},
} 

@incollection{hp:whitepaper2012-storeall,
        author = {HP, Hewlett-Packard Development Company},
        title = {{HP} {S}toreAll {S}torage {B}est {P}ractices},
        booktitle = {HP Product Documentation},
        publisher = {http://h20195.www2.hp.com/},
	series = {whitepaper '13},
        year = {2013}
}


@inproceedings{peng:osdi2010-percolator,
	author = {Peng, Daniel and Dabek, Frank},
	title = {{L}arge-scale {I}ncremental {P}rocessing {U}sing {D}istributed {T}ransactions and {N}otifications},
	booktitle = {Proceedings of the 9th USENIX conference on Operating systems design and implementation},
	series = {OSDI'10},
	year = {2010},
	location = {Vancouver, BC, Canada},
	pages = {1--15},
	numpages = {15},
	url = {http://dl.acm.org/citation.cfm?id=1924943.1924961},
	acmid = {1924961},
}

@article{sundararaman:fast2010-membrane,
	title={Membrane: Operating system support for restartable file systems},
	author={Sundararaman, Swaminathan and Subramanian, Sriram and Rajimwale, Abhishek and Arpaci-Dusseau, Andrea C and Arpaci-Dusseau, Remzi H and Swift, Michael M},
	journal={ACM Transactions on Storage (TOS)},
	volume={6},
	number={3},
	pages={11},
	year={2010},
	publisher={ACM}
}

@inproceedings{anderson:fast2001-hippodrome,
	author = {Anderson, Eric and Hobbs, Michael and Keeton, Kimberly and Spence, Susan and Uysal, Mustafa and Veitch, Alistair},
	title = {{H}ippodrome: {R}unning {C}ircles {A}round {S}torage {A}dministration},	
	booktitle = {Proceedings of the 1st USENIX Conference on File and Storage Technologies},
	series = {FAST'02},
	year = {2002},
	articleno = {13},
}

@inproceedings{pai:asplos1998-lard,
	author = {Pai, Vivek S. and Aron, Mohit and Banga, Gaurov and Svendsen, Michael and Druschel, Peter and Zwaenepoel, Willy and Nahum, Erich},
	title = {{L}ocality-aware {R}equest {D}istribution in {C}luster-based {N}etwork {S}ervers},
 booktitle = {Proceedings of the Eighth International Conference on Architectural Support for Programming Languages and Operating Systems},
	series = {ASPLOS VIII},
	year = {1998}
}
	isbn = {1-58113-107-0},
	location = {San Jose, California, USA},
	pages = {205--216},
	numpages = {12},
	url = {http://doi.acm.org/10.1145/291069.291048},
	doi = {10.1145/291069.291048},
	acmid = {291048},
	publisher = {ACM},
	address = {New York, NY, USA},
} 

@inproceedings{wildani:systor2011-block-locality,
	author = {Wildani, Avani and Miller, Ethan L. and Ward, Lee},
	title = {{E}fficiently {I}dentifying {W}orking {S}ets in {B}lock {I/O} {S}treams},
	booktitle = {Proceedings of the 4th Annual International Conference on Systems and Storage},
	series = {SYSTOR '11},
	year = {2011}
}
	isbn = {978-1-4503-0773-4},
	location = {Haifa, Israel},
	pages = {5:1--5:12},
	articleno = {5},
	numpages = {12},
	url = {http://doi.acm.org/10.1145/1987816.1987823},
	doi = {10.1145/1987816.1987823},
	acmid = {1987823},
	publisher = {ACM},
	address = {New York, NY, USA},
	keywords = {automated management, file-system contents, grouping},
} 

@inproceedings{nightingale:sosp2005-speculator,
	author = {Nightingale, Edmund B. and Chen, Peter M. and Flinn, Jason},
	title = {{S}peculative {E}xecution in a {D}istributed {F}ile {S}ystem},
	booktitle = {Proceedings of the Twentieth ACM Symposium on Operating Systems Principles},
	series = {SOSP '05},
	year = {2005}
}
	isbn = {1-59593-079-5},
	location = {Brighton, United Kingdom},
	pages = {191--205},
	numpages = {15},
	url = {http://doi.acm.org/10.1145/1095810.1095829},
	doi = {10.1145/1095810.1095829},
	acmid = {1095829},
	publisher = {ACM},
	address = {New York, NY, USA},
	keywords = {causality, distributed file systems, speculative execution},
} 


@inproceedings{padala:eurosys2009-autocontrol,
	author = {Padala, Pradeep and Hou, Kai-Yuan and Shin, Kang G. and Zhu, Xiaoyun and Uysal, Mustafa and Wang, Zhikui and Singhal, Sharad and Merchant, Arif},
	title = {Automated Control of Multiple Virtualized Resources},
	booktitle = {Proceedings of the 4th ACM European Conference on Computer Systems},
	series = {EuroSys '09},
	year = {2009},
	isbn = {978-1-60558-482-9},
	location = {Nuremberg, Germany},
	pages = {13--26},
	numpages = {14},
	url = {http://doi.acm.org/10.1145/1519065.1519068},
	doi = {10.1145/1519065.1519068},
	acmid = {1519068},
	keywords = {application qos, automated control, control theory, data center, resource management, server consolidation, virtualization},
} 

@inproceedings{wood:nsdi07-sandpiper,
	author = {Wood, Timothy and Shenoy, Prashant and Venkataramani, Arun and Yousif, Mazin},
	title = {{B}lack-box and {G}ray-box {S}trategies for {V}irtual {M}achine {M}igration},
	booktitle = {Proceedings of the 4th USENIX Conference on Networked Systems Design \& Implementation},
	series = {NSDI'07},
	year = {2007},
}
	location = {Cambridge, MA},
	pages = {17--17},
	numpages = {1},
	url = {http://dl.acm.org/citation.cfm?id=1973430.1973447},
	acmid = {1973447},
	publisher = {USENIX Association},
	address = {Berkeley, CA, USA},
} 

@article{behzad:techreport2014-io-autotuning,
  title={{I}mproving {P}arallel I/O {A}utotuning with {P}erformance {M}odeling},
  author={Behzad, Babak and Byna, Surendra and Wild, Stefan M and Snir, Marc},
  year={2014}
}

@inproceedings{leung:fast2009-spyglass,
	author = {Leung, Andrew W. and Shao, Minglong and Bisson, Timothy and Pasupathy, Shankar and Miller, Ethan L.},
	title = {{S}pyglass: {F}ast, {S}calable {M}etadata {S}earch for {L}arge-scale {S}torage {S}ystems},
	booktitle = {Proccedings of the 7th Conference on File and Storage Technologies},
	series = {FAST '09},
	year = {2009},
	location = {San Francisco, California},
	pages = {153--166},
	numpages = {14},
	url = {http://dl.acm.org/citation.cfm?id=1525908.1525920},
	acmid = {1525920},
} 

@inproceedings{leung:atc2008-nfs-trace,
	author = {Leung, Andrew W. and Pasupathy, Shankar and Goodson, Garth and Miller, Ethan L.},
	title = {{M}easurement and {A}nalysis of {L}arge-scale {N}etwork {F}ile {S}ystem {W}orkloads},
	booktitle = {USENIX 2008 Annual Technical Conference on Annual Technical Conference},
	series = {ATC'08},
	year = {2008},
	location = {Boston, Massachusetts},
	pages = {213--226},
	numpages = {14},
	url = {http://dl.acm.org/citation.cfm?id=1404014.1404030},
	acmid = {1404030},
} 

@inproceedings{hua:sc2009-smartstore,
	author = {Hua, Yu and Jiang, Hong and Zhu, Yifeng and Feng, Dan and Tian, Lei},
	title = {{S}mart{S}tore: {A} {N}ew {M}etadata {O}rganization {P}aradigm with {S}emantic-awareness for {N}ext-generation {F}ile {S}ystems},
	booktitle = {Proceedings of the Conference on High Performance Computing Networking, Storage and Analysis},
	series = {SC '09},
	year = {2009},
	isbn = {978-1-60558-744-8},
	pages = {10:1--10:12},
	articleno = {10},
	numpages = {12},
	url = {http://doi.acm.org/10.1145/1654059.1654070},
	doi = {10.1145/1654059.1654070},
	acmid = {1654070},
}

@inproceedings{cipar:eurosys2012-lazybase,
	author = {Cipar, James and Ganger, Greg and Keeton, Kimberly and Morrey,III, Charles B. and Soules, Craig A.N. and Veitch, Alistair},
	title = {LazyBase: Trading Freshness for Performance in a Scalable Database},
	booktitle = {Proceedings of the 7th ACM European Conference on Computer Systems},
	series = {EuroSys '12},
	year = {2012},
	isbn = {978-1-4503-1223-3},
	pages = {169--182},
	numpages = {14},
	url = {http://doi.acm.org/10.1145/2168836.2168854},
	doi = {10.1145/2168836.2168854},
	acmid = {2168854},
	keywords = {consistency, freshness, pipeline},
} 
 
%%%%%%%%%%%%%%%%%%%%%%%%%%%%%%%%%%%%%%%%%%%%%%%%%%
% Distributed Systems Papers
%%%%%%%%%%%%%%%%%%%%%%%%%%%%%%%%%%%%%%%%%%%%%%%%%%
@inproceedings{isard:EuroSys2007-dryad,
	author = {Isard, Michael and Budiu, Mihai and Yu, Yuan and Birrell, Andrew and Fetterly, Dennis},
	title = {Dryad: distributed data-parallel programs from sequential building blocks},
	booktitle = {Proceedings of the 2nd ACM SIGOPS/EuroSys European Conference on Computer Systems 2007},
	series = {EuroSys'07},
	year = {2007},
}
	year = {2007},
	isbn = {978-1-59593-636-3},
	location = {Lisbon, Portugal},
	pages = {59--72},
	numpages = {14},
	url = {http://doi.acm.org/10.1145/1272996.1273005},
	doi = {10.1145/1272996.1273005},
	acmid = {1273005},
	keywords = {cluster computing, concurrency, dataflow, distributed programming},

@inproceedings{dean:osdi2004-mapreduce,
	author = {Dean, Jeffrey and Ghemawat, Sanjay},
	title = {{M}ap{R}educe: {S}implified {D}ata {P}rocessing on {L}arge {C}lusters},
	booktitle = {Proceedings of the 6th USENIX Symposium on Operarting Systems Design \& Implementation},
	series = {OSDI '04},
	year = {2004},
	numpages = {1},
}

@article{mckusick:acm2010-gfs-evolution,
	author = {McKusick, Kirk and Quinlan, Sean},
	title = {{GFS}: {E}volution on {F}ast-forward},
	journal = {Commununications ACM},
	issue_date = {March 2010},
	volume = {53},
	number = {3},
	month = mar,
	year = {2010},
	issn = {0001-0782},
	pages = {42--49},
	series = {login; '10},
}
	%location = {San Francisco, CA},
	%pages = {10--10},
	%url = {http://dl.acm.org/citation.cfm?id=1251254.1251264},
	%acmid = {1251264},
	%address = {Berkeley, CA, USA},
} 

@inproceedings{murray:sosp13-naiad,
	author = {Murray, Derek G. and McSherry, Frank and Isaacs, Rebecca and Isard, Michael and Barham, Paul and Abadi, Mart\'{\i}n},
	title = {{N}aiad: {A} {T}imely {D}ataflow {S}ystem},
	booktitle = {Proceedings of the Twenty-Fourth ACM Symposium on Operating Systems Principles},
	series = {SOSP '13},
	year = {2013},
}
isbn = {978-1-4503-2388-8},
location = {Farminton, Pennsylvania},
pages = {439--455},
numpages = {17},
url = {http://doi.acm.org/10.1145/2517349.2522738},
doi = {10.1145/2517349.2522738},
acmid = {2522738},
publisher = {ACM},
 address = {New York, NY, USA},
} 


@inproceedings{zaharia:nsdi2012-spark,
	oddress = {Berkeley, CA, USA},
	author = {Zaharia, Matei and Chowdhury, Mosharaf and Das, Tathagata and Dave, Ankur and Ma, Justin and McCauley, Murphy and Franklin, Michael J. and Shenker, Scott and Stoica, Ion},
	title = {{R}esilient {D}istributed {D}atasets: {A} {F}ault-{T}olerant {A}bstraction for {I}n-{M}emory {C}luster {C}omputing},
	booktitle = {Proceedings of the 9th USENIX Conference on Networked Systems Design \& Implementation},
	series = {NSDI'12},
	year = {2012},
}
	location = {San Jose, CA},
	pages = {2--2},
	numpages = {1},
	url = {http://dl.acm.org/citation.cfm?id=2228298.2228301},
	acmid = {2228301},
}

@inproceedings{engle:sigmod2012-shark,
	author = {Cliff Engle and Antonio Lupher and Reynold Xin and Matei Zaharia and Michael J. Franklin and Scott Shenker and Ion Stoica},
	title = {{S}hark: {F}ast {D}ata {A}nalysis {U}sing {C}oarse-{G}rained {D}istributed {M}emory},
	booktitle = {SIGMOD Conference},
	year = {2012},
	pages = {689-692},
	url  = {http://doi.acm.org/10.1145/2213836.2213934},
	bibsource = {DBLP, http://dblp.uni-trier.de}
}

@article{melnik:vldb2010-dremel,
	author = {Melnik, Sergey and Gubarev, Andrey and Long, Jing Jing and Romer, Geoffrey and Shivakumar, Shiva and Tolton, Matt and Vassilakis, Theo},
	title = {{D}remel: {I}nteractive {A}nalysis of {W}eb-scale {D}atasets},
	journal = {Proceedings of the VLDB Endowment},
	issue_date = {September 2010},
	volume = {3},
	number = {1-2},
	month = sep,
	year = {2010},
	issn = {2150-8097},
	pages = {330--339},
	numpages = {10},
	url = {http://dl.acm.org/citation.cfm?id=1920841.1920886},
	acmid = {1920886},
} 

@inproceedings{elmore:sigmod2013-pythia,
	author = {Elmore, Aaron J. and Das, Sudipto and Pucher, Alexander and Agrawal, Divyakant and El Abbadi, Amr and Yan, Xifeng},
	title = {{C}haracterizing {T}enant {B}ehavior for {P}lacement and {C}risis {M}itigation in {M}ultitenant {DBMS}s},
	booktitle = {Proceedings of the 2013 ACM SIGMOD International Conference on Management of Data},
	series = {SIGMOD'13},
	year = {2013},
}
	isbn = {978-1-4503-2037-5},
	location = {New York, New York, USA},
	pages = {517--528},
	numpages = {12},
	url = {http://doi.acm.org/10.1145/2463676.2465308},
	doi = {10.1145/2463676.2465308},
	acmid = {2465308},
	publisher = {ACM},
	address = {New York, NY, USA},
	keywords = {database consolidation, elastic data management, multitenancy, shared nothing architectures, tenant characterization},
} 

@inproceedings{balmin:sigmod2012-clydesdale,
	author = {Balmin, Andrey and Kaldewey, Tim and Tata, Sandeep},
	title = {{C}lydesdale: {S}tructured {D}ata {P}rocessing on {H}adoop},
	booktitle = {Proceedings of the 2012 ACM SIGMOD International Conference on Management of Data},
	series = {SIGMOD '12},
	year = {2012},
	isbn = {978-1-4503-1247-9},
	location = {Scottsdale, Arizona, USA},
	pages = {705--708},
	numpages = {4},
	url = {http://doi.acm.org/10.1145/2213836.2213938},
	doi = {10.1145/2213836.2213938},
	acmid = {2213938},
	keywords = {hadoop, mapreduce, query processing, star joins, structured data processing},
} 


@inproceedings{chang:osdi2006-bigtable,
	author = {Chang, Fay and Dean, Jeffrey and Ghemawat, Sanjay and Hsieh, Wilson C. and Wallach, Deborah A. and Burrows, Mike and Chandra, Tushar and Fikes, Andrew and Gruber, Robert E.},
	title = {Bigtable: a distributed storage system for structured data},
	booktitle = {Proceedings of the 7th USENIX Symposium on Operating Systems Design and Implementation - Volume 7},
	series = {OSDI '06},
	year = {2006},
	location = {Seattle, WA},
	pages = {15--15},
	numpages = {1},
	url = {http://dl.acm.org/citation.cfm?id=1267308.1267323},
	acmid = {1267323},
	publisher = {USENIX Association},
	address = {Berkeley, CA, USA},
}  
@inproceedings{malewicz:sigmod2010-pregel,
	author = {Malewicz, Grzegorz and Austern, Matthew H. and Bik, Aart J.C and Dehnert, James C. and Horn, Ilan and Leiser, Naty and Czajkowski, Grzegorz},
	title = {Pregel: a system for large-scale graph processing},
	booktitle = {Proceedings of the 2010 ACM SIGMOD International Conference on Management of data},
	series = {SIGMOD '10},
	year = {2010},
	isbn = {978-1-4503-0032-2},
	location = {Indianapolis, Indiana, USA},
	pages = {135--146},
	numpages = {12},
	url = {http://doi.acm.org/10.1145/1807167.1807184},
	doi = {10.1145/1807167.1807184},
	acmid = {1807184},
	keywords = {distributed computing, graph algorigthms},
} 

@article{bu:vldb2010-haloop,
	author = {Bu, Yingyi and Howe, Bill and Balazinska, Magdalena and Ernst, Michael D.},
	title = {{H}a{L}oop: {E}fficient {I}terative {D}ata {P}rocessing on {L}arge {C}lusters},
	journal = {Proceedings of the VLDB Endowment},
	volume = {3},
	number = {1-2},
	year = {2010},
} 
	issue_date = {September 2010},
	issn = {2150-8097},
	month = sep,
	pages = {285--296},
	numpages = {12},
	url = {http://dl.acm.org/citation.cfm?id=1920841.1920881},
	acmid = {1920881},

@inproceedings{ekanayake:hpdc2010-twister,
	author = {Ekanayake, Jaliya and Li, Hui and Zhang, Bingjing and Gunarathne, Thilina and Bae, Seung-Hee and Qiu, Judy and Fox, Geoffrey},
	title = {{T}wister: {A} {R}untime for {I}terative {M}ap{R}educe},
	booktitle = {Proceedings of the 19th ACM International Symposium on High Performance 	Distributed Computing},
	series = {HPDC'10},
	year = {2010},
} 
	url = {http://doi.acm.org/10.1145/1851476.1851593},
	isbn = {978-1-60558-942-8},
	location = {Chicago, Illinois},
	pages = {810--818},
	numpages = {9},
	doi = {10.1145/1851476.1851593},
	acmid = {1851593},
	keywords = {MapReduce, cloud technologies, iterative algorithms},
@inproceedings{ekanayake:escience2008-eglmapreduce,
	author = {Ekanayake, Jaliya and Pallickara, Shrideep and Fox, Geoffrey},
	title = {{M}ap{R}educe for {D}ata {I}ntensive {S}cientific {A}nalyses},
	booktitle = {Proceedings of the 4th IEEE International Conference on eScience},
	series = {ESCIENCE'08},
	year = {2008},
}
	numpages = {8},
	pages = {277--284},
	url = {http://dx.doi.org/10.1109/eScience.2008.59},
	isbn = {978-0-7695-3535-7},
	doi = {10.1109/eScience.2008.59},
	acmid = {1488926},
	keywords = {MapReduce, Message passing, Parallel processing, Scientific Data Analysis},
} 


@inproceedings{decandia:sosp2007-dynamo,
	author = {DeCandia, Giuseppe and Hastorun, Deniz and Jampani, Madan and Kakulapati, Gunavardhan and Lakshman, Avinash and Pilchin, Alex and Sivasubramanian, Swaminathan and Vosshall, Peter and Vogels, Werner},
	title = {Dynamo: amazon's highly available key-value store},
	booktitle = {Proceedings of twenty-first ACM SIGOPS symposium on Operating systems principles},
	series = {SOSP '07},
	year = {2007},
	isbn = {978-1-59593-591-5},
	location = {Stevenson, Washington, USA},
	pages = {205--220},
	numpages = {16},
	url = {http://doi.acm.org/10.1145/1294261.1294281},
	doi = {10.1145/1294261.1294281},
	acmid = {1294281},
	publisher = {ACM},
	address = {New York, NY, USA},
	keywords = {performance, reliability, scalability},
} 

@inproceedings{neumeyer:icdmw2010-s4,
	author = {Neumeyer, Leonardo and Robbins, Bruce and Nair, Anish and Kesari, Anand},
	title = {{S}4: {D}istributed {S}tream {C}omputing {P}latform},
	booktitle = {Proceedings of the 10th IEEE International Conference on Data Mining Workshops},
	series = {ICDMW'10},
	year = {2010},
}
	isbn = {978-0-7695-4257-7},
	pages = {170--177},
	numpages = {8},
	url = {http://dx.doi.org/10.1109/ICDMW.2010.172},
	doi = {10.1109/ICDMW.2010.172},
	acmid = {1934385},
	publisher = {IEEE Computer Society},
	address = {Washington, DC, USA},
	keywords = {actors programming model, complex event processing, concurrent programming, data processing, distributed programming, map-reduce, middleware, parallel programming, real-time search, software design, stream computing},

@inproceedings{huang:icde2010-hibench,
	author={Shengsheng Huang and Jie Huang and Jinquan Dai and Tao Xie and Bo Huang},
	title={{T}he {H}i{B}ench {B}enchmark {S}uite: {C}haracterization of the {M}ap{R}educe-based {D}ata {A}nalysis},
	booktitle={Proceedings of the 26th IEEE International Conference on Data Engineering Workshops},
	series={ICDEW'10},
	year={2010},
}
	%pages={41-51},

@inproceedings{fadika:cloud2012-evaluating-hadoop,
	added-at = {2012-10-21T00:00:00.000+0200},
	author = {Fadika, Zacharia and Govindaraju, Madhusudhan and Canon, Shane Richard and Ramakrishnan, Lavanya},
	biburl = {http://www.bibsonomy.org/bibtex/2511a5e2dbea456478cb4830386cb20ca/dblp},
	booktitle = {IEEE CLOUD},
	editor = {Chang, Rong},
	ee = {http://doi.ieeecomputersociety.org/10.1109/CLOUD.2012.118},
	interhash = {d2c6a8e2474508b3540075de90632e8a},
	intrahash = {511a5e2dbea456478cb4830386cb20ca},
	isbn = {978-1-4673-2892-0},
	keywords = {dblp},
	pages = {67-74},
	publisher = {IEEE},
	timestamp = {2012-10-21T00:00:00.000+0200},
	title = {Evaluating Hadoop for Data-Intensive Scientific Operations.},
	url = {http://dblp.uni-trier.de/db/conf/IEEEcloud/IEEEcloud2012.html#FadikaGCR12},
	year = 2012
}

@inproceedings{wisniewski:2007europar-commercial-scale-out,
	author = {Wisniewski, Robert W. and Azimi, Reza and Desnoyers, Mathieu and Michael, Maged M. and Moreira, Jose and Shiloach, Doron and Soares, Livio},
	title = {{E}xperiences {U}nderstanding {P}erformance in a {C}ommercial {S}cale-out {E}nvironment},
	booktitle = {Proceedings of the 13th international Euro-Par conference on Parallel Processing},
	series = {Euro-Par'07},
	year = {2007},
	isbn = {3-540-74465-7, 978-3-540-74465-8},
	pages = {139--149},
	url = {http://dl.acm.org/citation.cfm?id=2391541.2391559},
	publisher = {Springer-Verlag},
	address = {Berlin, Heidelberg},
} 
@article{chen:2012ccpe-distributed-db,
	title={A performance evaluation of distributed database architectures},
	author={Chen, S. and Ng, A. and Greenfield, P.},
	journal={Concurrency and Computation: Practice and Experience},
	year={2012},
	publisher={Wiley Online Library}
}

@inproceedings{chen:2011mascots-suites,
	author = {Chen, Yanpei and Ganapathi, Archana and Griffith, Rean and Katz, Randy},
	title = {{T}he {C}ase for {E}valuating {M}ap{R}educe {P}erformance {U}sing {W}orkload {S}uites},
	booktitle = {Proceedings of the 2011 IEEE 19th Annual International Symposium on Modelling, Analysis, and Simulation of Computer and Telecommunication Systems},
	series = {MASCOTS '11},
	year = {2011},
	pages = {390--399},
	url = {http://dx.doi.org/10.1109/MASCOTS.2011.12},
	address = {Washington, DC, USA},
} 

@article{chen:2012vldb-cross-industry,
	author = {Chen, Yanpei and Alspaugh, Sara and Katz, Randy},
	title = {{I}nteractive {A}nalytical {P}rocessing in {B}ig {D}ata {S}ystems: {A} {C}ross-industry {S}tudy of {M}ap{R}educe {W}orkloads},
	journal = {Proceedings of the  VLDB Endowment},
	volume = {5},
	number = {12},
	issn = {2150-8097},
	pages = {1802--1813},
	year = {2012},
	url = {http://dl.acm.org/citation.cfm?id=2367502.2367519},
	publisher = {VLDB Endowment},
} 

@inproceedings{lefevre:danac2013-evolutionary-analytics,
	author = {LeFevre, Jeff and Sankaranarayanan, Jagan and Hacig\"{u}m\"{u}\c{s}, Hakan and Tatemura, Junichi and Polyzotis, Neoklis},
	title = {{T}owards a {W}orkload for {E}volutionary {A}nalytics},
	booktitle = {Proceedings of the 2nd Workshop on Data Analytics in the Cloud},
	series = {DanaC '13},
	year = {2013},
	pages = {26--30},
	url = {http://doi.acm.org/10.1145/2486767.2486773},
} 

@inproceedings{buck:hpc2011-scihadoop,
	author = {Buck, Joe B. and Watkins, Noah and LeFevre, Jeff and Ioannidou, Kleoni and Maltzahn, Carlos and Polyzotis, Neoklis and Brandt, Scott},
	title = {SciHadoop: array-based query processing in Hadoop},
	booktitle = {Proceedings of 2011 International Conference for High Performance Computing, Networking, Storage and Analysis},
	series = {SC '11},
	year = {2011},
	isbn = {978-1-4503-0771-0},
	location = {Seattle, Washington},
	pages = {66:1--66:11},
	articleno = {66},
	numpages = {11},
	url = {http://doi.acm.org/10.1145/2063384.2063473},
	doi = {10.1145/2063384.2063473},
	acmid = {2063473},
	publisher = {ACM},
	address = {New York, NY, USA},
	keywords = {data intensive, map reduce, query optimization, scientific file-formats},
} 

@inproceedings{buck:sc2013-scidr,
	author = {Buck, Joe and Watkins, Noah and Levin, Greg and Crume, Adam and Ioannidou, Kleoni and Brandt, Scott and Maltzahn, Carlos and Polyzotis, Neoklis and Torres, Aaron},
	title = {{SIDR}: {S}tructure-aware {I}ntelligent {D}ata {R}outing in {H}adoop},
	booktitle = {Proceedings of SC13:  International Conference for High Performance Computing, Networking, Storage and Analysis},
	series = {SC '13},
	year = {2013},
	isbn = {978-1-4503-2378-9},
	location = {Denver, Colorado},
	pages = {73:1--73:12},
	articleno = {73},
	numpages = {12},
	url = {http://doi.acm.org/10.1145/2503210.2503241},
	doi = {10.1145/2503210.2503241},
	acmid = {2503241},
	keywords = {Hadoop, MapReduce, scientific data},
} 


@inproceedings{gkantsidis:nsdi2013-rhea,
	author = {Gkantsidis, Christos and Vytiniotis, Dimitrios and Hodson, Orion and Narayanan, Dushyanth and Dinu, Florin and Rowstron, Antony},
	title = {{R}hea: {A}utomatic {F}iltering for {U}nstructured {C}loud {S}torage},
	booktitle = {Proceedings of the 10th USENIX Conference on Networked Systems Design and Implementation},
	series = {NSDI'13},
	year = {2013},
}
	location = {Lombard, IL},
	pages = {343--356},
	numpages = {14},
	url = {http://dl.acm.org/citation.cfm?id=2482626.2482660},
	acmid = {2482660},
	publisher = {USENIX Association},
	address = {Berkeley, CA, USA},
} 

@inproceedings{cho:socc2013-natjam,
	author = {Cho, Brian and Muntasir, Rahman and Chajed, Tej and Gupta, Indranil and Abad, Christina and Roberts, Nathan and Lin, Philbert}, 
	title = {Natjam: Eviction Policies for Supporting Priorities and Deadlines in Mapreduce Clusters}, 
	booktitle = {Proceedings of the Fourth ACM Symposium on Cloud Computing}, 
	series = {SOCC '13},
	year = {2013}
}

@inproceedings{mihailescu:hotstorage2012-mixapart,
	author = {Mihailescu, Madalin and Soundararajan, Gokul and Amza, Cristiana},
	title = {{M}ix{A}part: {D}ecoupled {A}nalytics for {S}hared {S}torage {S}ystems},
	booktitle = {Proceedings of the 4th USENIX Conference on Hot Topics in Storage and File Systems},
	series = {HotStorage'12},
	year = {2012},
}
%	ipages = {2--2},
%	url = {http://dl.acm.org/citation.cfm?id=2342806.2342808},
%} 

@inproceedings{abad:ucc2012-mimesis,
	author = {Abad, Cristina L. and Luu, Huong and Roberts, Nathan and Lee, Kihwal and Lu, Yi and Campbell, Roy H.},
	title = {{M}etadata {T}races and {W}orkload {M}odels for {E}valuating {B}ig {S}torage {S}ystems},
	booktitle = {Proceedings of the 2012 IEEE/ACM Fifth International Conference on Utility and Cloud Computing},
	series = {UCC '12},
	year = {2012},
	pages = {125--132},
	url = {http://dx.doi.org/10.1109/UCC.2012.27},
} 

@techreport{abad:techreport2012-fstrace,
  title={{M}etadata {W}orkloads for {T}esting {B}ig {S}torage {S}ystems},
  author={Abad, Christina L. and Luu, Huong and Lu, Yi and Campbell, R},
  institution={Citeseer},
  year={2012}
}

@inproceedings{herodotou:cidr2011-starfish,
	title={{S}tarfish: {A} {S}elf-tuning {S}ystem for {B}ig {D}ata {A}nalytics},
	author={Herodotou, Herodotos and Lim, Harold and Luo, Gang and Borisov, Nedyalko and Dong, Liang and Cetin, Fatma Bilgen and Babu, Shivnath},
	booktitle={Conference on Innovative Data Systems Research},
	series={CIDR '11},
	volume={11},
	pages={261--272},
	year={2011}
}

@inproceedings{wang:mascots2009-mrperf,
	title={{A} {S}imulation {A}pproach to {E}valuating {D}esign {D}ecisions in {M}ap{R}educe {S}etups},
	author={Wang, Guanying and Butt, Ali Raza and Pandey, Prashant and Gupta, Karan},
	booktitle={IEEE International Symposium on Modeling, Analysis \& Simulation of Computer and Telecommunication Systems},
	pages={1--11},
	series={MASCOTS '09},
	year={2009},
	organization={IEEE}
}

%%%%%%%%%%%%%%%%%%%%%%%%%%%%%%%%%%%%%%%%%%%%%%%%%%
% Single Nodes
%%%%%%%%%%%%%%%%%%%%%%%%%%%%%%%%%%%%%%%%%%%%%%%%%%

@inproceedings{schroeder:2006icdsn-HPC-failures,
	author = {Schroeder, Bianca and Gibson, Garth A.},
	title = {A Large-scale Study of Failures in High-performance Computing Systems},
	booktitle = {Proceedings of the International Conference on Dependable Systems and Networks},
	series = {DSN '06},
	year = {2006},
	isbn = {0-7695-2607-1},
	pages = {249--258},
	numpages = {10},
	url = {http://dx.doi.org/10.1109/DSN.2006.5},
	doi = {10.1109/DSN.2006.5},
	acmid = {1135705},
	publisher = {IEEE Computer Society},
	address = {Washington, DC, USA},
}

@inproceedings{bryant:2000lsc-linux-smp,
	author = {Bryant, Ray and Hartner, Bill and He, Qi and Venkitachalam, Ganesh},
	title = {SMP scalability comparisons of linux \&\#174; kernels 2.2.14 and 2.3.99},
	booktitle = {Proceedings of the 4th annual Linux Showcase \& Conference - Volume 4},
	series = {ALS'00},
	year = {2000},
	location = {Atlanta, Georgia},
	pages = {13--13},
	numpages = {1},
	url = {http://dl.acm.org/citation.cfm?id=1268379.1268392},
	acmid = {1268392},
	publisher = {USENIX Association},
	address = {Berkeley, CA, USA},
} 

@inproceedings{ranger:2007hpca-phoenix,
	author = {Ranger, Colby and Raghuraman, Ramanan and Penmetsa, Arun and Bradski, Gary and Kozyrakis, Christos},
	title = {{E}valuating {M}apReduce for {M}ulti-core and {M}ultiprocessor {S}ystems},
	booktitle = {Proceedings of the 13th IEEE International Symposium on High Performance Computer Architecture},
	series = {HPCA'07},
	year = {2007},
} 
	%pages = {13--24},

@inproceedings{yoo:2009iiswc-phoenix2,
	author = {Yoo, Richard M. and Romano, Anthony and Kozyrakis, Christos},
	title = {{P}hoenix {R}ebirth: {S}calable {M}ap{R}educe on a {L}arge-scale {S}hared-memory {S}ystem},
	booktitle = {Proceedings of the IEEE International Symposium on Workload Characterization},
	series = {IISWC'09},
	year = {2009},
} 
	pages = {198--207},

@inproceedings{talbot:2011mapreduce-phoenix++,
	author = {Talbot, Justin and Yoo, Richard M. and Kozyrakis, Christos},
	title = {{P}hoenix++: {M}odular {M}ap{R}educe for {S}hared-{M}emory {S}ystems},
	booktitle = {Proceedings of the 2nd ACM International Workshop on MapReduce and its Applications},
	series = {MapReduce'11},
	year = {2011},
}
	pages = {9--16},

@article{rafique:2009sigops-double-buffering,
	author = {Rafique, M. Mustafa and Rose, Benjamin and Butt, Ali R. and Nikolopoulos, Dimitrios S.},
	title = {{S}upporting {M}ap{R}educe on {L}arge-scale {A}symmetric {M}ulti-core {C}lusters},
	journal = {SIGOPS Operating Systems Review},
	year = {2009},
}

@article{salzberg:1989acta-merging,
	title={{M}erging {So}rted {R}uns {U}sing {L}arge {M}ain {M}emory},
	author={Salzberg, Betty},
	journal={Acta Informatica},
	volume={27},
	number={3},
	pages={195--215},
	year={1989},
	publisher={Springer}
}
	volume = {43},
	issue_date = {April 2009},
	number = {2},
	month = apr,
	issn = {0163-5980},
	pages = {25--34},
	numpages = {10},
	url = {http://doi.acm.org/10.1145/1531793.1531800},
	doi = {10.1145/1531793.1531800},
	acmid = {1531800},
	publisher = {ACM},
	address = {New York, NY, USA},
} 


@article{gara:bim2005-blue-gene,
	title={Overview of the Blue Gene/L system architecture},
	author={Gara, Alan and Blumrich, Matthias A and Chen, Dong and Chiu, GL-T and Coteus, Paul and Giampapa, Mark E and Haring, Ruud A and Heidelberger, Philip and Hoenicke, Dirk and Kopcsay, Gerard V and others},
	journal={IBM Journal of Research and Development},
	volume={49},
	number={2.3},
	pages={195--212},
	year={2005},
	publisher={IBM}
}

@misc{feldman:website2011-cray,
	author={Feldman, Michael},
	title={Cray Unveils Its First GPU Supercomputer},
	month={May},
	day={24},
	year={2011},
	url={http://www.hpcwire.com/hpcwire/2011-05-24/cray_unveils_its_first_gpu_supercomputer.html}
}

@article{wulf:sigarch1995-memory-wall,
	author = {Wulf, Wm. A. and McKee, Sally A.},
	title = {{H}itting the {M}emory {W}all: {I}mplications of the {O}bvious},
	journal = {SIGARCH Computer Architecture News},
	volume = {23},
	number = {1},
	year = {1995},
	pages = {20--24},
	url = {http://doi.acm.org/10.1145/216585.216588},
	publisher = {ACM},
}
%%%%%%%%%%%%%%%%%%%%%%%%%%%%%%%%%%%%%%%%%%%%%%%%%%
% Parallel Programming papers
%%%%%%%%%%%%%%%%%%%%%%%%%%%%%%%%%%%%%%%%%%%%%%%%%%
@article{manferdelli:ieee2008-parallelism,
	title={Challenges and opportunities in many-core computing},
	author={Manferdelli, John L and Govindaraju, Naga K and Crall, Chris},
	journal={Proceedings of the IEEE},
	volume={96},
	number={5},
	pages={808--815},
	year={2008},
	publisher={IEEE}
}

@inproceedings{gordon:osdi2012-comet,
	author = {Gordon, Mark S. and Jamshidi, D. Anoushe and Mahlke, Scott and Mao, Z. Morley and Chen, Xu},
	title = {COMET: code offload by migrating execution transparently},
	booktitle = {Proceedings of the 10th USENIX conference on Operating Systems Design and Implementation},
	series = {OSDI'12},
	year = {2012},
	isbn = {978-1-931971-96-6},
	location = {Hollywood, CA, USA},
	pages = {93--106},
	numpages = {14},
	url = {http://dl.acm.org/citation.cfm?id=2387880.2387890},
	acmid = {2387890},
	publisher = {USENIX Association},
	address = {Berkeley, CA, USA},
}

@inproceedings{liu:sosp2011-dthreads,
	author = {Liu, Tongping and Curtsinger, Charlie and Berger, Emery D.},
	title = {Dthreads: efficient deterministic multithreading},
	booktitle = {Proceedings of the Twenty-Third ACM Symposium on Operating Systems Principles},
	series = {SOSP '11},
	year = {2011},
	isbn = {978-1-4503-0977-6},
	location = {Cascais, Portugal},
	pages = {327--336},
	numpages = {10},
	url = {http://doi.acm.org/10.1145/2043556.2043587},
	doi = {10.1145/2043556.2043587},
	acmid = {2043587},
	publisher = {ACM},
	address = {New York, NY, USA},
}

@inproceedings{czechowski:ipdps2013-codesign,
	author = {Czechowski, Kenneth and Vuduc, Richard},
	title = {{A} {T}heoretical {F}ramework for {A}lgorithm-{A}rchitecture {C}o-design},
	booktitle = {Proceedings of the IEEE 27th International Symposium on Parallel and Distributed Processing},
	series = {IPDPS'13},
	year = {2013},
}
	pages = {791--802},
	publisher = {IEEE Computer Society},
	address = {Washington, DC, USA},
} 


@inproceedings{david:sosp2013-synch,
	author = {David, Tudor and Guerraoui, Rachid and Trigonakis, Vasileios},
	title = {{E}verything {Y}ou {A}lways {W}anted to {K}now {A}bout {S}ynchronization but {W}ere {A}fraid to {A}sk},
	booktitle = {Proceedings of the Twenty-Fourth ACM Symposium on Operating Systems Principles},
	series = {SOSP '13},
	year = {2013},
	pages = {33--48},
} 

%%%%%%%%%%%%%%%%%%%%%%%%%%%%%%%%%%%%%%%%%%%%%%%%%%
% Distributed vs. Single Nodes
%%%%%%%%%%%%%%%%%%%%%%%%%%%%%%%%%%%%%%%%%%%%%%%%%%
@inproceedings{michael:2007pdps-scale-up-x-scale-out,
	title={{S}cale-up {X} {S}cale-out: {A} {C}ase {S}tudy {U}sing {N}utch/{L}ucene},
	author={Michael, M. and Moreira, J.E. and Shiloach, D. and Wisniewski, R.W.},
	booktitle={Parallel and Distributed Processing Symposium, 2007. IPDPS 2007. IEEE International},
	pages={1--8},
	year={2007},
	organization={IEEE}
} 

@article{talkington:2002journal-scaling,
	title={{S}caling-up or {O}ut},
	author={Talkington, A. and Dixit, K.},
	journal={International Business},
	year={2002},
	publisher={Citeseer}
}

@inproceedings{rowstron:hotcdp2012-hadoop-vs-single-node,
	author = {Rowstron, Antony and Narayanan, Dushyanth and Donnelly, Austin and O'Shea, Greg and Douglas, Andrew},
	title = {{N}obody {E}ver {G}ot {F}ired for {U}sing {H}adoop on a {C}luster},
	booktitle = {Proceedings of the 1st International Workshop on Hot Topics in Cloud Data Processing},
	series = {HotCDP '12},
	year = {2012},
	isbn = {978-1-4503-1162-5},
	location = {Bern, Switzerland},
	pages = {2:1--2:5},
	articleno = {2},
	numpages = {5},
	url = {http://doi.acm.org/10.1145/2169090.2169092},
	doi = {10.1145/2169090.2169092},
	acmid = {2169092},
	publisher = {ACM},
	address = {New York, NY, USA},
	keywords = {Hadoop, MapReduce, analytics, big data, scalability},
} 

@techreport{appuswamy:techreport2013-hadoop-vs-single-node,
	title={{N}obody {E}ver {G}ot {F}ired for {B}uying a {C}luster},
	author={Appuswamy, Raja and Gkantsidis, Christos and Narayanan, Dushyanth and Hodson, Orion and Rowstron, Antony},
	month={February},
	year={2013},
	institution={Mcirosoft Research, Cambridge, UK}
}

@inproceedings{schwarzkopf:hotcloud2012-7-sins,
	author = {Schwarzkopf, Malte and Murray, Derek G. and Hand, Steven},
	title = {The seven deadly sins of cloud computing research},
	booktitle = {Proceedings of the 4th USENIX conference on Hot Topics in Cloud Ccomputing},
	series = {HotCloud'12},
	year = {2012},
	location = {Boston, MA},
	pages = {1--1},
	numpages = {1},
	url = {http://dl.acm.org/citation.cfm?id=2342763.2342764},
	acmid = {2342764},
	publisher = {USENIX Association},
	address = {Berkeley, CA, USA},
}

@inproceedings{gulati:hotcloud2011-cloud-resource-management,
	author = {Gulati, Ajay and Shanmuganathan, Ganesha and Holler, Anne and Ahmad, Irfan},
	title = {Cloud-scale resource management: challenges and techniques},
	booktitle = {Proceedings of the 3rd USENIX conference on Hot topics in cloud computing},
	series = {HotCloud'11},
	year = {2011},
	location = {Portland, OR},
	pages = {3--3},
	numpages = {1},
	url = {http://dl.acm.org/citation.cfm?id=2170444.2170447},
	acmid = {2170447},
	publisher = {USENIX Association},
	address = {Berkeley, CA, USA},
} 

@inproceedings{gulati:osdi2010-mclock,
	author = {Gulati, Ajay and Merchant, Arif and Varman, Peter J.},
	title = {m{C}lock: {H}andling {T}hroughput {V}ariability for {H}ypervisor {IO} {S}cheduling},
	booktitle = {{P}roceedings of the 9th {USENIX} {C}onference on {O}perating {S}ystems {D}esign and {I}mplementation ({OSDI} '10)},
	year = {2010},
	address = {Berkeley, CA},
}
	series = {OSDI'10},
	location = {Vancouver, BC, Canada},
	pages = {1--7},
	numpages = {7},
	url = {http://dl.acm.org/citation.cfm?id=1924943.1924974},
	acmid = {1924974},
	publisher = {USENIX Association},
} 


@misc{vmware-drs,
    author = {{Epping, Duncan and Denneman, Frank}},
    title = {{VM}ware v{S}phere 5.1 {C}lustering {D}eepdive},
    year = {accessed 03/21/2014, http://www.vmware.com/product/drs},
}

@inproceedings{vmware-drs_conf,
    author = {Epping, Duncan and Denneman, Frank},
    title = {{VM}ware v{S}phere 5.1 {C}lustering {D}eepdive},
    year = {accessed 03/21/2014, http://www.vmware.com/product/drs},
    series = {Whitepaper'13},
}


@misc{xen-wlb,
    author = {Citrix},
    title = {{X}en{S}erver {W}orkload {B}alancing 6.0 {U}ser {G}uide},
    year = {accessed 04/05/2014, http://support.citrix.com/servlet/KbServlet/download/28741-102-664453/XenServer-6.0.0-wlb-userguide.pdf},
}




@inproceedings{zaharia:hotcloud2011-datacenter-OS,
	author = {Zaharia, Matei and Hindman, Benjamin and Konwinski, Andy and Ghodsi, Ali and Joesph, Anthony D. and Katz, Randy and Shenker, Scott and Stoica, Ion},
	title = {The Datacenter Needs an Operating System},
	booktitle = {Proceedings of the 3rd USENIX Conference on Hot Topics in Cloud Computing},
	series = {HotCloud'11},
	year = {2011},
}
	location = {Portland, OR},
	pages = {17--17},
	numpages = {1},
	url = {http://dl.acm.org/citation.cfm?id=2170444.2170461},
	acmid = {2170461},
	publisher = {USENIX Association},
	address = {Berkeley, CA, USA},
} 

@inproceedings{nadav:atc2011-viommu,
	author = {Amit, Nadav and Ben-Yehuda, Muli and Tsafrir, Dan and Schuster, Assaf},
	title = {v{IOMMU}: {E}fficient {IOMMU} {E}mulation},
	booktitle = {{P}roceedings of the 2011 {USENIX} {C}onference on {USENIX} {A}nnual {T}echnical {C}onference},
	series = {USENIXATC '11},
	address = {Portland, OR},
	year = {2011},
}
	pages = {6--6},
	numpages = {1},
	url = {http://dl.acm.org/citation.cfm?id=2002181.2002187},
	acmid = {2002187},
	publisher = {USENIX Association},
	address = {Berkeley, CA, USA},
} 


@inproceedings{appuswamy:socc2013-hadoop-vs-single-node,
        title={{S}cale-up vs {S}cale-out for {H}adoop: {T}ime to {R}ethink?},
        author={Appuswamy, Raja and Gkantsidis, Christos and Narayanan, Dushyanth and Hodson, Orion and Rowstron, Antony},
        booktitle={Proceedings of the 4th ACM Symposium on Cloud Computing},
	series={SOCC'13},
        year={2013}
}

@incollection{gigaspaces:whitepaper2011-su-vs-so,
        author = {Gigaspaces Technologies Inc.},
        title = {Scale Up vs. Scale Out},
        booktitle = {Gigaspaces Resource Center},
        publisher = {http://www.gigaspaces.com/WhitePapers},
        year = {2011}
}

@inproceedings{sevilla:discs2013-framework,
	author={Sevilla, Michael and Nassi, Ike and Ioannidou, Kleoni and Brandt, Scott and Maltzahn, Carlos},
	title={{A} {F}ramework for an {I}n-depth {C}omparison of {S}cale-out and {S}cale-up},
	booktitle = {Proceedings of the 2nd International Workshop on Data Intensive Scalable Computing at SuperComputing '13},
	year = {2013},
	series = {DISCS'13}
}


@inproceedings{sevilla:lspp2014-supmr,
	author={Sevilla, Michael and Nassi, Ike and Ioannidou, Kleoni and Brandt, Scott and Maltzahn, Carlos},
	title={{S}up{MR}: {C}ircumventing {D}isk and {M}emory {B}andwidth {B}ottlenecks for {S}cale-up {M}ap{R}educe},
	booktitle = {Proceedings of the 6th International Workshop on Large-Scale Parallel Processing at IEEE International Parallel and Distributed Processing Symposium '14},
	year = {2014},
	series = {LSPP'13}
}


%%%%%%%%%%%%%%%%%%%%%%%%%%%%%%%%%%%%%%%%%%%%%%%%%%
% Resilience
%%%%%%%%%%%%%%%%%%%%%%%%%%%%%%%%%%%%%%%%%%%%%%%%%%
@article{swift:sosp2003-nook,
	title={Improving the reliability of commodity operating systems},
	author={Swift, Michael M and Bershad, Brian N and Levy, Henry M},
	journal={ACM SIGOPS Operating Systems Review},
	volume={37},
	number={5},
	pages={207--222},
	year={2003},
	publisher={ACM}
}

@inproceedings{swift:osdi2004-shadow-drivers,
	title={Recovering device drivers},
	author={Swift, Michael M and Annamalai, Muthukaruppan and Bershad, Brian N and Levy, Henry M},
	booktitle={Proceedings of the 6th conference on Symposium on Opearting Systems Design \& Implementation},
	pages={1--1},
	year={2004}
}

@inproceedings{david:osdi2008-curios,
	title={CuriOS: Improving reliability through operating system structure},
	author={David, Francis M and Chan, Ellick M and Carlyle, Jeffrey C and Campbell, Roy H},
	booktitle={Proceedings of the 8th Symposium on Operating Systems Design and Implementation (OSDI�08)},
	year={2008}
}

@inproceedings{zhou:osdi2006-safedrive,
	title={SafeDrive: Safe and recoverable extensions using language-based techniques},
	author={Zhou, Feng and Condit, Jeremy and Anderson, Zachary and Bagrak, Ilya and Ennals, Rob and Harren, Matthew and Necula, George and Brewer, Eric},
	booktitle={Proceedings of the 7th symposium on Operating systems design and implementation},
	pages={45--60},
	year={2006},
	organization={USENIX Association}
}

@inproceedings{lu:osdi2014-icefs,
	author = {Lanyue Lu and Yupu Zhang and Thanh Do and Samer Al-Kiswany and Andrea C. Arpaci-Dusseau and Remzi H. Arpaci-Dusseau},
	title = {{P}hysical {D}isentanglement in a {C}ontainer-{B}ased {F}ile {S}ystem},
	booktitle = {11th USENIX Symposium on Operating Systems Design and Implementation (OSDI
' 14)},
	year = {2014},
}
	month = Oct,
	isbn = { 978-1-931971-16-4},
	address = {Broomfield, CO},
	pages = {81--96},
	url = {https://www.usenix.org/conference/osdi14/technical-sessions/presentation/lu},
	publisher = {USENIX Association},
}

@inproceedings{shye:DSN2007-plr,
	title={Using process-level redundancy to exploit multiple cores for transient fault tolerance},
	author={Shye, Alex and Moseley, Tipp and Reddi, Vijay Janapa and Blomstedt, Joseph and Connors, Daniel A},
	booktitle={Dependable Systems and Networks, 2007. DSN'07. 37th Annual IEEE/IFIP International Conference on},
	pages={297--306},
	year={2007},
	organization={IEEE}
}

@inproceedings{ansel:ipdps2009-dmtcp,
	author = {Ansel, Jason and Arya, Kapil and Cooperman, Gene},
	title = {DMTCP: Transparent checkpointing for cluster computations and the desktop},
	booktitle = {Proceedings of the 2009 IEEE International Symposium on Parallel\&Distributed Processing},
	series = {IPDPS '09},
	year = {2009},
	isbn = {978-1-4244-3751-1},
	pages = {1--12},
	numpages = {12},
	url = {http://dx.doi.org/10.1109/IPDPS.2009.5161063},
	doi = {10.1109/IPDPS.2009.5161063},
	acmid = {1587579},
	publisher = {IEEE Computer Society},
	address = {Washington, DC, USA},
} 

%%%%%%%%%%%%%%%%%%%%%%%%%%%%%%%%%%%%%%%%%%%%%%%%%%
% Archival
%%%%%%%%%%%%%%%%%%%%%%%%%%%%%%%%%%%%%%%%%%%%%%%%%%
@techreport{adams:techreport2012-archival,
	author = {Adams, Ian F. and Miller, Ethan L. and Storer, Mark W.},
	title = {{A}nalysis of {W}orkload {B}ehavior in {S}cientific and {H}istorical {L}ong-{T}erm {D}ata {R}epositories},
	institution = {University of California, Santa Cruz},
	year = {2012},
	month = {May}
}



